1872 3095
855 207 918 233 XLI
977 216 1090 222 ·-—·

104 334 233 375 pauca
278 321 411 361 uerba
449 321 489 372 (ξ
530 319 595 360 79.
635 318 715 373 80),
761 321 801 359 in
840 318 1014 370 reliquis
1051 317 1158 357 foliis
1202 317 1396 369 antiquae
1442 318 1672 368 scripturae

104 379 280 431 uestigia
315 379 587 417 incertissima
624 382 730 417 sunt.
792 375 986 414 foliorum
1019 375 1097 412 104
1132 379 1172 414 et
1204 374 1283 412 109
1315 375 1489 425 paginae
1521 379 1670 423 rectae,

106 437 189 475 solii
214 436 292 474 108
323 436 473 488 pagina
503 446 627 474 uersa
658 433 887 473 recentiore
919 433 1124 483 scriptura
1155 435 1319 479 vacant3
1354 429 1500 469 eadem
1527 431 1567 468 in
1590 429 1673 468 solii

108 494 185 532 105
217 494 367 545 pagina
404 504 529 531 uersa
565 490 702 530 media
739 489 901 529 desinit.
961 488 1160 528 librarius
1196 488 1343 526 litteris
1381 499 1486 539 quas
1525 492 1674 525 uocant

106 549 467 590 semi-uncialibus
509 560 612 588 usus
655 552 738 597 est;
796 546 908 585 locos
954 550 1093 584 tamen
1138 557 1191 584 ex
1230 545 1304 584 Gai
1344 544 1674 583 Institutionibus

106 608 353 658 exscriptos,
408 605 461 645 ad
516 616 620 658 quos
673 608 831 656 spectat
879 603 1185 655 Interpretatio,
1238 601 1384 640 litteris
1435 600 1674 639 maiusculis

107 664 344 715 distinxitfl).
405 662 517 702 idem
551 661 706 714 passim
744 661 973 712 scripturae
1010 658 1265 711 compendiis
1303 669 1406 697 usus
1448 662 1512 696 est
1542 656 1675 696 isdem

107 721 207 772 fere,
241 732 349 773 quae
380 721 422 758 in
453 719 557 759 libro
590 718 817 758 Veronensi
849 722 1099 768 comparent.

221 779 304 818 Sex
339 778 584 829 paginarum
621 780 858 814 contextum
889 773 1089 813 Aemilius
1121 771 1333 814 Chatelain
1369 772 1409 811 in
1442 769 1675 816 annalibus,

108 835 264 887 quibus
313 833 458 873 titulus
510 837 573 872 est
621 833 763 871 Revue
815 831 867 870 de
916 830 1158 883 philologie,
1219 829 1301 869 uol.
1353 829 1485 868 XXIII
1538 827 1676 879 (⁴899)

107 904 200 944 pag.
218 889 439 930 ’177-181
477 888 635 942 publici
666 890 767 929 iuris
799 888 912 937 fecit3
945 887 1134 940 reliquae
1169 889 1344 940 paginae
1381 891 1427 925 ut
1457 887 1498 925 in
1531 890 1679 937 quarta

108 949 231 988 huius
254 947 475 987 voluminis
498 946 678 986 editione
699 958 732 985 a.
759 946 865 984 ⁴899
890 958 943 984 ex
964 944 1127 984 schedis
1149 945 1227 983 viri
1250 943 1468 983 clarissimi
1498 944 1678 995 primum

110 1005 352 1056 ederentur,
394 1004 506 1043 idem
545 1003 745 1056 singulari
786 1002 1035 1042 liberalitate
1075 1002 1298 1052 concessit,
1337 1012 1468 1040 nouas
1510 1012 1678 1052 quoque

109 1064 354 1115 paginarum
398 1063 479 1100 iam
520 1060 726 1100 editarum
768 1058 851 1113 (fol.
888 1060 985 1110 104,
1029 1059 1128 1110 105,
1175 1059 1286 1109 108Ῡ,
1332 1056 1442 1109 409¹)
1482 1056 1678 1096 lectiones

109 1132 273 1159 mecum
303 1119 632 1158 communicauit.
689 1123 907 1169 praeterea
939 1116 1168 1156 earundem
1200 1128 1276 1155 sex
1305 1116 1551 1167 paginarum
1581 1114 1682 1152 ima-

111 1178 226 1230 gines
271 1181 358 1215 arte
403 1175 676 1227 photographi
721 1175 888 1214 effectas
934 1174 1032 1213 mihi
1082 1173 1324 1224 transmisit,
1377 1183 1557 1224 quarum
1602 1183 1680 1222 ope

111 1236 357 1286 scripturam
395 1232 492 1272 libri
528 1232 686 1285 antiqui
722 1244 816 1271 cum
856 1231 1032 1270 lectione
1064 1230 1175 1270 edita
1206 1229 1393 1269 conferre
1424 1229 1525 1268 mihi
1555 1227 1680 1266 licuit.

111 1291 278 1330 duobus
324 1291 441 1329 annis
491 1294 585 1341 post
629 1289 702 1328 Gai
749 1289 1036 1340 Interpretatio
1089 1300 1142 1327 ex
1189 1291 1308 1339 parte
1360 1286 1480 1338 quasi
1529 1297 1681 1324 nouam

113 1349 294 1400 speciem
332 1347 467 1386 induit
506 1347 615 1385 cur1s
653 1345 832 1385 duorum
871 1345 1066 1384 Italorum
1103 1343 1296 1384 Contardi
1332 1343 1520 1391 Ferrinii,
1563 1343 1682 1381 cuius

111 1410 419 1457 praematuram
458 1408 632 1442 mortem
673 1402 885 1455 lugemus,
932 1407 972 1441 et
1006 1403 1172 1441 Victorii
1209 1400 1422 1450 Scialojae.
1491 1400 1562 1451 qui
1603 1399 1683 1437 uiri

110 1467 333 1514 postquam
368 1460 572 1500 beneficio
600 1459 761 1499 Aemilii
787 1458 998 1498 Chatelain
1033 1460 1216 1497 omnium
1254 1458 1447 1497 foliorum
1483 1457 1682 1508 imagines

111 1519 455 1571 photographicas
501 1517 711 1556 consecuti
752 1522 864 1566 sunt,
913 1515 1228 1567 diligentissimo
1270 1515 1417 1554 harum
1457 1514 1683 1565 imaginum

113 1577 302 1615 examine
341 1576 526 1614 instituto
573 1586 620 1614 eo
664 1578 968 1625 peruenerunt,
1020 1579 1066 1611 ut
1114 1573 1251 1611 hiatus
1296 1571 1446 1623 prioris
1494 1570 1684 1609 editionis

111 1633 314 1685 plurimas
354 1632 573 1683 explerent
610 1630 894 1682 lectionesque
931 1632 1011 1669 iam
1055 1629 1185 1669 editas
1227 1629 1367 1668 multis
1406 1627 1506 1666 locis
1544 1639 1685 1666 emen-

113 1689 312 1741 darent.⁷)
382 1689 444 1728 his
487 1688 686 1727 Italorum
732 1687 879 1727 studiis
927 1687 1095 1726 adiutus
1135 1698 1287 1725 nouam
1330 1685 1684 1736 Interpretationis

113 1747 335 1787 editionem
357 1758 391 1785 a.
418 1746 524 1785 1903
547 1744 743 1797 ρθῐὸυἰὸ),
778 1756 885 1796 quae
907 1745 1011 1783 infra
1036 1744 1178 1795 paucis
1210 1743 1435 1782 immutatis
1467 1743 1681 1793 repetitur.

226 1804 338 1843 Folia
358 1808 497 1843 autem
519 1803 677 1855 antiqui
704 1801 800 1841 libri
830 1813 912 1840 non
943 1803 1104 1854 integra
1133 1802 1175 1840 in
1197 1801 1381 1841 Cassiani
1402 1799 1685 1838 Institutiones

113 1861 310 1901 translata
341 1866 449 1911 sunt,
483 1860 558 1900 sed
590 1864 638 1898 ut
659 1859 814 1898 formae
836 1858 1096 1911 reliquorum
1118 1857 1310 1897 foliorum
1333 1856 1682 1909 adaequarentur,

114 1931 207 1958 cum
239 1919 423 1970 margine
456 1918 661 1957 exteriore
692 1928 789 1968 pars
822 1917 1052 1967 scripturae
1084 1920 1247 1954 resecta
1269 1920 1343 1954 est.
1398 1913 1565 1952 lacunas
1588 1925 1687 1951 con—

112 1981 252 2015 textus
282 1975 379 2014 inde
411 1980 576 2014 exortas
606 1975 710 2013 intra
740 1974 912 2012 uncinos
946 1972 1171 2026 quadratos
1203 1972 1278 2011 hos
1311 1969 1356 2024 []
1387 1971 1543 2022 saepsi;
1584 1969 1684 2008 alias

113 2033 284 2072 lacunas
315 2033 557 2084 imperfecta
588 2031 792 2071 euanidae
826 2032 1056 2082 scripturae
1088 2029 1208 2068 lectio
1240 2028 1421 2081 reliquit.

158 2150 161 2153 -
208 2135 237 2175 6)
262 2133 354 2166 coni.
391 2135 411 2174 ξ
438 2137 490 2166 66.
524 2136 577 2165 79.
612 2136 664 2166 80.
697 2135 749 2164 96.
784 2134 842 2173 97;
885 2133 921 2164 in
954 2133 973 2172 ἓ
1000 2134 1041 2164 97
1074 2140 1195 2164 errore
1230 2131 1367 2163 librarii
1400 2130 1542 2162 initium
1576 2130 1686 2161 Inter-

115 2180 325 2222 pretationis
349 2179 476 2212 eodem
502 2179 608 2211 modo
635 2178 844 2210 distinctum
871 2180 936 2210 est.

207 2226 235 2265 7)
262 2226 452 2258 Bullettino
478 2225 555 2257 dell'
582 2225 724 2257 Istituto
752 2224 787 2256 di
812 2224 935 2256 diritto
963 2224 1121 2256 Romano
1146 2222 1225 2254 XIII
1252 2231 1286 2264 p.
1308 2225 1319 2254 1
1346 2230 1396 2263 sq.

208 2273 238 2311 8)
265 2271 465 2304 Zeitschrift
509 2270 572 2302 der
616 2269 951 2312 savigny-Stiftung
992 2269 1049 2302 fiir
1089 2268 1425 2310 Rechtsgeschichte
1467 2266 1539 2298 vol.
1573 2265 1684 2297 XXIV

117 2326 149 2359 p.
170 2320 233 2350 378
260 2326 337 2359 sqq.

319 2429 352 2464 Α
384 2444 423 2458 =
451 2430 563 2462 codex
587 2429 923 2471 Augustodunensis

319 2476 423 2510 Ac:
450 2473 613 2508 eiusdem
639 2476 771 2508 codicis
797 2475 900 2507 lectio
926 2474 1125 2507 secundum
1150 2483 1185 2506 u.
1213 2473 1244 2505 d.
1272 2473 1453 2505 Chatelain

320 2521 363 2556 Ai
382 2537 423 2550 =
449 2523 553 2554 lectio
579 2522 750 2553 Italorum
777 2521 922 2553 Ferrinii
947 2523 982 2553 et
1007 2521 1178 2560 Scialojae

320 2567 425 2601 Ak=
451 2568 555 2600 lectio
581 2569 705 2599 nostra
730 2567 901 2599 soliorum
928 2569 1003 2608 104,
1033 2569 1107 2606 105,
1135 2568 1230 2605 1087,
1259 2566 1338 2596 1091·

322 2614 357 2655 []
398 2614 433 2645 hi
470 2613 590 2645 uncini
624 2613 790 2654 saepiunt
827 2612 982 2654 lacunas,
1021 2621 1112 2653 quae
1151 2611 1308 2651 margine
1343 2610 1511 2642 foliorum
1550 2610 1687 2641 resecto

400 2661 500 2692 ortae
526 2660 609 2691 sunt

323 2705 473 2737 stellulis
499 2705 562 2745 (w)
589 2704 727 2735 litterae
753 2704 911 2744 singulae
937 2712 1028 2744 quae
1054 2703 1237 2744 perierunt
1263 2701 1475 2733 indicantur.
