1892 3095
808 240 885 246 —
938 234 1056 260 vanl
1106 239 1219 245 —

329 343 478 380 Rerum
538 342 813 393 ignorantiae,
874 342 991 380 cuius
1044 340 1339 379 documentum
1390 343 1665 382 certissimum
1717 349 1781 383 est

216 399 342 437 Latini
381 399 482 437 iuris
514 400 698 436 tractatio
732 399 777 448 (c.
812 399 847 435 6.
883 399 938 447 7¹),
982 399 1100 449 quasi
1134 403 1243 436 esset
1273 399 1337 437 ius
1370 400 1542 439 civitatis
1575 401 1778 439 Romanae

216 455 514 506 imperfectum,
549 454 774 505 respondet
804 454 1029 493 verborum
1060 454 1273 492 ordinatio.
1320 455 1528 495 Sententia
1560 469 1667 508 quae
1700 456 1779 496 dici

215 513 345 562 possit
371 524 447 563 per
468 517 596 550 totum
628 516 846 549 tractatum
878 510 992 549 nulla
1024 513 1242 562 reperitur,
1276 523 1353 550 nec
1379 517 1461 550 tam
1488 513 1594 552 male
1617 515 1780 565 scripsit

214 568 334 606 homo
374 580 498 620 quam
530 568 725 606 abhorret
756 572 863 606 totus
896 580 918 605 a
950 567 1042 606 stilo
1074 568 1381 619 qualicumque.
1433 569 1545 621 Nego
1576 582 1653 621 per
1674 569 1781 609 litte-

215 637 281 664 ras
319 624 424 664 ullas
457 624 658 664 eiusmodi
690 625 1003 662 commentarios
1031 624 1138 663 effici
1158 626 1362 676 potuisse,
1395 625 1555 665 scholas
1576 625 1779 666 habemus

214 687 254 721 et
285 683 395 732 ipsas
427 694 508 720 non
540 681 683 731 bonas,
716 682 957 732 magistrum
991 680 1097 719 dicta
1129 693 1203 720 sua
1235 682 1382 720 crebra
1404 684 1616 722 iteratione
1636 684 1779 734 pueris

213 738 504 789 inculcantem,
553 749 704 789 pueros
751 749 819 775 ore
864 736 941 776 sibi
986 737 1133 776 tradita
1175 737 1342 777 fidelius
1380 751 1504 791 quam
1540 739 1699 779 felicius
1739 741 1780 779 in

213 795 440 846 pugillares
473 794 712 833 reserentes.
775 793 875 833 Inde
906 805 982 845 per
1011 799 1141 833 totum
1172 800 1388 834 tractatum
1419 801 1562 835 auctor
1591 796 1782 848 adloqui-

212 858 280 890 tur
311 851 432 889 modo
463 863 593 890 unum
625 851 856 889 auditorem
893 851 1018 899 (venis
1050 856 1085 890 et
1123 851 1222 890 (licis
1252 864 1291 903 p.
1322 853 1452 903 LXIV,
1487 853 1556 902 443
1595 852 1781 892 similiter

213 921 251 959 p.
276 909 392 959 XLII,
429 909 491 946 40.
523 908 675 957 XLVII,
711 908 774 946 ⁴8.
807 908 943 956 XLIX,
979 907 1042 946 Μ.
1089 908 1169 959 LII,
1202 909 1266 947 28.
1299 910 1396 960 LXI,
1433 910 1495 948 49.
1543 910 1679 961 LXIII,
1715 910 1777 948 44.

215 966 279 1003 23.
305 965 384 1016 ⁶27),
418 964 539 1003 modo
561 964 705 1016 plures
729 964 877 1014 (tenetis
899 964 1034 1014 LXIII,
1061 964 1132 1013 483
1155 965 1342 1004 similiter
1360 978 1400 1017 p.
1419 966 1556 1016 XLIII,
1581 966 1631 1018 8).
1679 967 1780 1006 Item

214 1023 335 1060 etiam
381 1023 547 1073 saepius
591 1022 815 1060 orationem
852 1022 1114 1072 interrumpit
1157 1022 1469 1074 quaestionibus
1516 1022 1682 1063 directis
1727 1023 1780 1062 ad

213 1078 432 1118 audientes
465 1078 596 1129 (XLII,
626 1079 662 1117 6.
695 1078 830 1128 XLIII,
865 1078 929 1117 24.
963 1079 1075 1128 XLV,
1112 1078 1174 1116 45.
1208 1079 1339 1130 XLVI,
1374 1079 1437 1118 42.
1470 1080 1605 1130 XLIX,
1639 1080 1703 1119 25.
1737 1082 1776 1130 L,

214 1137 250 1174 9.
284 1136 349 1174 24.
381 1136 445 1173 30.
481 1136 540 1186 LI,
577 1135 638 1173 44.
680 1135 757 1186 LII,
784 1135 847 1173 45.
882 1135 980 1186 LIII,
1016 1135 1069 1185 4).
1131 1136 1327 1175 Similiter
1363 1148 1442 1174 non
1475 1147 1566 1174 raro
1600 1148 1695 1175 eum
1727 1136 1778 1176 de

214 1204 295 1244 quo
333 1193 466 1244 agitur
502 1191 725 1231 introducit
762 1196 946 1230 utentem
987 1192 1168 1231 oratione
1210 1192 1365 1231 directa
1403 1191 1538 1244 (XLII,
1572 1191 1608 1231 7.
1640 1194 1775 1243 XLIII,

215 1249 278 1287 119.
311 1249 446 1300 XLIX,
471 1251 507 1288 9.
541 1249 619 1299 LII,
644 1249 709 1287 ΞΟ.
742 1249 842 1299 LIII,
867 1246 915 1300 4).
979 1248 1093 1294 Quae
1143 1250 1277 1287 omnia
1324 1249 1503 1288 redeunt
1551 1249 1604 1288 ad
1653 1262 1779 1289 usum

212 1305 460 1344 scholarum.
527 1306 714 1356 Denique
761 1305 912 1344 scholis
955 1306 1009 1343 ita
1047 1307 1229 1356 exeeptis
1268 1312 1377 1345 recte
1416 1307 1667 1345 conveniunt
1701 1306 1779 1346 loci

211 1363 466 1413 interpretati
503 1363 680 1401 auctoris
722 1362 787 1400 hic
822 1361 906 1400 illic
942 1362 1185 1413 interspersi
1225 1367 1265 1401 et
1295 1362 1425 1401 forma
1456 1362 1684 1402 litterarum
1716 1363 1780 1403 di-

212 1420 358 1458 stincti.

326 1476 675 1527 Recuperavimus
706 1476 830 1527 igitur
861 1475 1160 1513 institutionum
1189 1475 1436 1514 Gaianarum
1469 1475 1687 1515 editionem
1719 1475 1780 1515 al-

212 1538 343 1572 teram
374 1537 535 1571 auctam
569 1537 609 1570 et
629 1531 963 1583 pessumdatam,
996 1543 1092 1570 nam
1114 1543 1368 1584 quamquam
1399 1544 1482 1571 uno
1514 1532 1603 1571 loco
1639 1532 1686 1584 (c.
1711 1532 1777 1584 56)

213 1591 284 1641 qui
323 1601 412 1628 eam
446 1590 604 1627 curavit
635 1589 780 1628 Gaium
812 1589 976 1627 nomine
1018 1590 1113 1627 citat
1148 1593 1189 1627 et
1216 1589 1444 1640 particulae
1481 1601 1649 1641 quoque
1685 1589 1778 1629 illae

212 1659 264 1684 ex
296 1647 596 1685 commentariis
643 1645 698 1684 ad
743 1645 920 1684 verbum
951 1645 1106 1684 relatae
1139 1645 1350 1684 declarant
1392 1657 1658 1697 nequaquam
1702 1647 1780 1685 hoc

213 1715 308 1741 eum
345 1704 497 1754 egisse,
540 1708 586 1740 ut
623 1702 786 1741 Gaianis
840 1713 936 1741 suos
983 1703 1295 1741 commentarios
1335 1702 1624 1754 substitueret,
1674 1703 1780 1742 nihi·

212 1759 389 1798 lominus
436 1758 549 1811 quod
594 1758 745 1811 legitur
791 1770 824 1797 c.
860 1759 930 1797 9⁴:
988 1758 1315 1810 quemadmodum
1359 1763 1465 1797 tutor
1505 1764 1577 1798 aut
1613 1764 1779 1799 curator

212 1816 436 1867 efficiantur
483 1817 523 1854 in
567 1817 696 1867 primo
739 1816 1018 1854 commentario
1064 1815 1236 1854 relatum
1279 1820 1335 1854 est
1379 1828 1427 1854 eo
1474 1815 1605 1866 ducit,
1651 1821 1699 1855 ut
1736 1816 1778 1855 hi

211 1873 490 1924 praeceptoris
522 1873 802 1911 commentarii
834 1871 1046 1923 discipulis
1077 1877 1287 1923 tamquam
1310 1872 1381 1911 Gai
1413 1873 1542 1924 ipsius
1574 1884 1777 1924 apparere

212 1929 445 1968 debuerint.
513 1929 611 1968 Eius
633 1930 930 1968 retractationis
952 1929 1052 1967 alias
1073 1928 1271 1981 reliquias
1292 1928 1429 1968 nullas
1452 1941 1674 1980 superesse
1696 1942 1776 1969 non

211 1988 360 2024 mirum
391 1991 470 2035 est;
504 1991 614 2025 certe
636 1985 864 2037 prudentes
885 1984 1105 2025 Alariciani
1137 1997 1388 2037 quamquam
1409 1985 1482 2025 Gai
1503 1987 1777 2026 institutiones

211 2043 329 2082 aliter
359 2048 484 2094 atque
516 2042 701 2094 reliquos
732 2044 833 2081 iuris
865 2043 1032 2081 Romani
1062 2047 1258 2081 tractatus
1291 2042 1398 2081 male
1429 2047 1653 2091 mutarunt,
1695 2055 1776 2082 non

211 2098 554 2139 Pseudo-Gaium
585 2099 713 2151 hunc,
746 2098 821 2138 sed
854 2101 1079 2151 genuinum
1118 2098 1387 2138 conciderunt
1417 2104 1457 2138 et
1495 2099 1774 2139 elumbarunt.

209 2157 293 2195 Nec
314 2157 442 2208 magis
465 2157 636 2195 monstri
657 2157 785 2195 nostri
805 2156 1029 2207 particulas
1052 2156 1264 2195 Iustiniani
1287 2155 1474 2195 doctores
1507 2162 1770 2208 receperunt.

210 2213 343 2252 Nihilo
365 2214 500 2252 minus
523 2212 635 2264 apud
658 2225 727 2252 eos
749 2214 860 2263 ipsos
883 2213 1056 2252 sortasse
1078 2213 1251 2252 huiusce
1273 2214 1408 2263 operis
1427 2212 1566 2264 aliqua
1581 2214 1777 2252 memoria

209 2272 427 2321 reperitur.
464 2269 690 2308 Auctorum
714 2270 842 2308 index
858 2268 1026 2336 digestis
1053 2270 1307 2321 praemissus
1325 2270 1540 2308 cuminter
1557 2269 1629 2308 Gai
1650 2282 1775 2321 opera

209 2332 424 2365 recenseat
463 2320 628 2365 ‘aureon
666 2325 797 2380 βιβλία
834 2320 962 2377 ἐπτά’,
1006 2332 1200 2377 excerpta
1243 2325 1340 2365 inde
1377 2330 1540 2393 sumpta
1580 2327 1776 2377 inscripta

209 2383 458 2435 plerumque
495 2376 650 2422 ‘rerum
692 2382 1004 2422 cottidianarum
1057 2384 1144 2422 sive
1191 2376 1428 2422 aureorum'
1469 2382 1594 2435 (prior
1629 2383 1775 2422 titulus

210 2440 323 2479 solus
355 2440 654 2492 praescribitur
683 2440 923 2492 fragmentis
964 2441 1126 2479 insertis
1165 2439 1282 2478 libris
1321 2438 1574 2491 digestorum
1609 2440 1776 2479 XVII—

209 2497 342 2546 XXII,
383 2497 488 2536 alter
527 2496 638 2536 solus
670 2497 909 2549 fragmentis
941 2497 1104 2535 insertis
1146 2496 1252 2535 libro
1293 2496 1426 2548 XLIV)
1465 2495 1593 2534 multa
1634 2498 1674 2535 in
1714 2495 1776 2535 di—

211 2555 335 2604 gestis
375 2555 659 2605 inveniuntur,
699 2553 774 2593 sed
812 2566 864 2592 ex
906 2552 1002 2592 solis
1042 2552 1159 2592 libris
1196 2552 1406 2604 prioribus
1436 2551 1590 2602 tribus3
1630 2564 1777 2592 aureo-

210 2621 301 2647 rum
349 2615 544 2676 quattuor
580 2609 832 2676 posteriores
870 2611 909 2649 in
948 2611 1036 2660 ipsa
1076 2610 1361 2660 compilatione
1400 2619 1483 2648 non
1524 2614 1772 2661 comparent.

208 2659 396 2705 ‘’Aureos
433 2672 542 2706 certe
574 2667 699 2706 Gaius
738 2669 827 2718 ipse
867 2678 1006 2705 rerum
1045 2666 1379 2718 quotidianarum
1419 2664 1547 2705 libros
1585 2678 1666 2705 non
1703 2678 1775 2717 ap-

208 2722 398 2774 pellavit,
443 2723 518 2763 sed
546 2736 693 2763 nomen
731 2723 773 2763 id
804 2724 1052 2775 posteriores
1086 2724 1199 2774 operi
1231 2722 1406 2761 multum
1438 2722 1612 2762 lectitato
1641 2724 1773 2774 impo-
