1892 3095
293 150 557 190 115456—464
819 175 922 180 --
983 152 1034 192 78
1094 174 1205 181 ..—

293 287 373 314 non
406 275 559 315 sufficit
589 289 684 316 eum
715 278 756 316 in
786 282 989 328 potestate
1012 278 1079 315 aui
1100 278 1241 316 mortis
1263 283 1448 328 tempore
1472 279 1612 329 fuisse,
1645 278 1719 318 sed

294 344 398 383 opus
429 338 502 383 est,
536 339 582 372 ut
611 340 729 384 pater
761 346 929 386 quoque
961 335 1049 373 eius
1072 334 1170 373 uiuo
1192 339 1308 385 patre
1331 346 1405 373 suo
1428 334 1597 374 desierit
1617 346 1719 374 suus

293 389 415 428 heres
448 402 540 429 esse
571 395 642 429 aut
663 396 793 429 morte
816 392 1068 442 interceptus
1091 395 1161 429 aut
1183 390 1371 442 qualibet
1390 393 1545 430 ratione
1568 391 1720 431 libera-

292 452 359 485 tus
389 452 613 497 potestate3
646 452 733 485 tum
765 448 872 485 enim
903 460 1033 499 nepos
1065 448 1256 498 neptisue
1287 449 1327 486 in
1349 447 1486 486 locum
1508 449 1571 487 sui
1592 450 1720 499 patris

199 507 276 545 457
293 503 534 542 succedunt.
587 503 670 542 Sed
702 504 765 542 sui
797 503 967 555 quidem
995 504 1171 543 heredes
1198 503 1291 542 ideo
1313 504 1589 555 appellantur,
1623 506 1751 557 quia5

293 559 505 598 domestici
542 559 719 599 heredes
763 566 860 598 sunt
898 566 938 599 et
976 562 1074 599 uiuo
1112 573 1280 613 quoque
1316 566 1488 612 parente
1521 561 1720 613 quodam-

292 616 413 655 modo
458 616 610 655 domini
652 618 961 666 existimantur3
998 617 1111 657 unde
1152 619 1272 657 etiam
1314 619 1346 656 si
1379 619 1471 669 quis
1502 619 1718 657 intestatus

291 679 478 712 mortuus
510 674 574 724 sit,
605 674 736 724 prima
769 685 893 712 causa
924 676 1048 713 estin
1070 676 1331 714 successione
1355 674 1595 713 liberorum.
1647 687 1720 714 ne-

293 731 460 769 cessarii
492 742 593 769 uero
625 729 718 769 ideo
751 729 957 781 dicuntur,
991 733 1088 783 quia
1119 733 1227 769 omni
1260 731 1392 782 modo,
1428 730 1553 784 <siue>
1586 731 1720 770 uelint

292 789 382 825 siue
416 784 571 839 <ηοίιήτ,
607 784 709 839 tam>
742 786 794 825 ab
825 788 1016 826 intestato
1048 800 1171 840 quam
1204 800 1256 826 ex
1282 793 1518 827 testamento
1540 787 1719 828 heredes
1735 795 1772 825 1¹0

200 849 277 886 ⁴58
293 843 407 882 fiunt.
460 843 535 882 sed
567 843 629 882 his
659 848 827 895 praetor
857 845 1056 895 permittit
1086 844 1295 892 abstinere
1328 857 1372 883 se
1404 844 1455 883 ab
1478 845 1719 896 hereditate,

200 906 276 944 459
292 906 336 938 ut
376 902 512 951 potius
554 901 738 951 parentis
775 900 882 939 bona
919 906 1111 940 ueneant.
1175 901 1287 940 Idem
1326 903 1426 940 iuris
1468 907 1530 940 est
1562 907 1602 940 et
1633 899 1717 955 <in>

291 958 431 995 uxoris
470 968 649 1008 persona
686 968 793 1009 quae
830 958 871 996 in
902 969 1028 996 manu
1059 963 1140 1007 est,
1175 959 1269 1010 quia
1302 958 1410 997 filiae
1442 958 1530 997 loco
1563 963 1645 1008 est,
1678 963 1718 997 et

197 1014 329 1057 lssoin
361 1025 471 1052 nuru
503 1025 610 1066 quae
640 1014 682 1053 in
713 1026 838 1053 manu
870 1014 942 1053 filii
973 1020 1048 1064 est,
1081 1015 1178 1066 quia
1208 1016 1342 1066 neptis
1373 1015 1462 1054 loco
1484 1020 1556 1054 est.
1610 1014 1717 1061 Quin
1733 1022 1773 1052 44

290 1071 411 1109 etiam
459 1069 644 1109 similiter
689 1070 924 1110 abstinendi
968 1069 1222 1125 potestllatem
1262 1072 1357 1110 facit
1390 1077 1557 1123 praetor
1596 1072 1717 1110 etiam
1731 1085 1809 1117 pag.
1827 1079 1869 1110 95

290 1129 327 1165 ei
359 1129 430 1179 qui
460 1128 501 1166 in
532 1139 656 1166 causa
687 1129 875 1179 mancipii
907 1133 981 1178 est,
1013 1125 1090 1181 <si)
1124 1140 1218 1167 cum
1250 1128 1438 1167 libertate
1459 1129 1581 1167 heres
1603 1129 1718 1167 insti-

288 1189 403 1223 tutus
444 1186 514 1234 sit,
555 1185 739 1235 quamuis
780 1187 1061 1237 necessarius,
1099 1197 1180 1224 non
1212 1187 1332 1223 etiam
1364 1197 1466 1224 suus
1497 1185 1619 1224 heres
1652 1186 1715 1235 sit,

198 1247 266 1284 464
289 1246 499 1293 tamquam
541 1253 703 1280 seruus.
766 1242 917 1292 Ceteri,
960 1243 1030 1294 qui
1067 1243 1274 1281 testatoris
1310 1243 1390 1280 iuri
1431 1241 1606 1281 subiecti
1635 1253 1718 1280 non

289 1303 397 1348 sunt,
443 1299 630 1337 extranei
667 1298 846 1338 heredes
883 1298 1161 1350 appellantur.
1222 1300 1363 1350 itaque
1393 1297 1515 1337 liberi
1547 1310 1716 1350 quoque

288 1356 436 1406 nostri,
479 1356 550 1407 qui
590 1356 630 1393 in
667 1360 870 1407 potestate
900 1360 1040 1395 nostra
1070 1368 1153 1395 non
1184 1361 1299 1406 sunt,
1340 1355 1511 1394 heredes
1543 1367 1563 1394 a
1597 1355 1715 1394 nobis
1730 1363 1770 1392 20

287 1413 461 1451 instituti
501 1410 636 1465 [sicut]
675 1413 862 1451 extranei
892 1412 1102 1452 uidentur.
1164 1424 1248 1464 qua
1279 1411 1331 1451 de
1363 1423 1487 1451 causa
1518 1417 1558 1451 et
1589 1413 1662 1463 qui
1692 1423 1716 1450 a

288 1474 417 1508 matre
454 1468 632 1508 heredes
674 1470 968 1521 instituuntur,
1000 1469 1146 1509 eodem
1177 1481 1350 1509 numero
1383 1474 1494 1519 sunt,
1529 1470 1625 1520 quia
1655 1468 1716 1507 fe-

288 1527 421 1565 minae
454 1525 608 1565 liberos
638 1526 680 1565 in
711 1531 915 1578 potestate
945 1538 1026 1565 non
1058 1526 1223 1565 habent.
1285 1527 1397 1565 serui
1429 1537 1611 1578 quoque,
1643 1526 1715 1578 qui

377 1683 397 1722 ξ
423 1685 486 1714 457
515 1696 555 1710 =
582 1684 664 1715 lnst.
697 1685 732 1725 2,
767 1686 828 1723 49,
857 1685 876 1715 2
909 1683 923 1724 ΙΙ
960 1684 1061 1723 §458
1092 1691 1208 1725 usque
1238 1683 1283 1715 ad
1316 1684 1356 1714 42
1388 1683 1474 1714 bona
1500 1696 1541 1710 =
1567 1683 1651 1714 lust.
1683 1684 1713 1723 2,

286 1731 384 1805 {332
397 1729 422 1804 211
444 1729 551 1805 {36⁴3
571 1737 686 1770 usque
711 1729 756 1761 ad
784 1730 824 1760 23
850 1729 972 1760 habent
995 1741 1035 1756 =
1060 1729 1143 1760 Inst.
1170 1730 1200 1769 2,
1229 1730 1280 1770 49,
1308 1730 1343 1769 3;
1375 1728 1420 1760 ad
1454 1728 1592 1769 reliqua
1619 1727 1714 1760 conf.

365 1798 371 1805 .
421 1799 427 1814 ,
500 1799 507 1815 ‚
557 1798 563 1805 .

1561 1872 1700 1883 W
1891 1855 1892 1884 l

378 1947 390 1975 4
423 1953 504 1976 eum
536 1944 575 1985 C,
609 1953 689 1976 eum
723 1953 849 1976 eamue
875 1943 955 1975 Inst.
988 1942 1002 1983 ΙΙ
1036 1946 1053 1974 2
1087 1952 1232 1985 quoque
1262 1943 1301 1983 C,
1333 1951 1396 1974 om.
1423 1943 1503 1974 Inst.
1535 1942 1549 1983 ΙΙ
1582 1946 1598 1974 3
1626 1951 1713 1984 qua-

285 1990 373 2023 libet
411 1988 449 2030 C,
491 1989 652 2031 qualibet
691 1989 758 2022 alia
800 1990 879 2021 Inst.
912 1989 925 2029 ΙΙ
960 1990 976 2020 l»
1019 1991 1094 2020 tum
1137 1988 1177 2030 C,
1217 1990 1304 2020 tunc
1346 1988 1426 2020 [πει.
1458 1988 1472 2029 ΙΙ
1504 1989 1560 2020 sui
1599 1989 1713 2030 patris

285 2035 488 2067 succedunt
520 2035 558 2076 C,
598 2035 710 2077 patris
741 2035 794 2067 sui
825 2035 990 2066 succedit
1022 2035 1100 2066 Inst.
1139 2034 1152 2073 ΙΙ
1192 2036 1209 2064 6
1241 2034 1430 2065 domestici
1465 2034 1564 2075 Insa,
1611 2033 1713 2065 dom-

286 2081 412 2113 nestici
457 2080 481 2113 C
520 2080 534 2120 ΙΙ
573 2081 720 2122 parente
763 2079 801 2122 G,
847 2081 948 2121 patre
988 2080 1067 2111 Inst.
1108 2079 1122 2120 n
1161 2078 1429 2120 quodammodo
1471 2079 1569 2120 Insa,
1615 2079 1712 2120 quod

286 2126 330 2158 ad
362 2125 469 2157 modo
503 2125 528 2158 C
558 2125 573 2166 11
606 2128 693 2157 7-8
734 2126 763 2156 si
804 2127 883 2166 quis
923 2125 1112 2156 intestatus
1153 2126 1317 2157 mortuus
1358 2125 1448 2163 inst„
1489 2126 1516 2156 si
1550 2125 1630 2165 quis
1659 2124 1712 2156 in-

285 2173 435 2203 testatus
472 2180 550 2203 mor
581 2170 586 2213 Ι
623 2173 651 2202 si
683 2171 764 2212 quis
793 2168 992 2202 intestatus‘
1026 2172 1083 2202 tus
1119 2170 1144 2202 C
1172 2171 1296 2211 (uerbis
1328 2170 1500 2201 nonnullis
1521 2179 1585 2209 per
1615 2178 1714 2201 erro-

284 2225 358 2249 rem
397 2217 446 2249 bis
485 2218 634 2257 scripti-5,
683 2217 742 2248 sed
788 2224 905 2247 errore
941 2225 1005 2256 per
1044 2217 1207 2247 uncinum
1245 2216 1404 2255 indicato)
1436 2215 1450 2255 ΙΙ
1484 2217 1591 2247 9-40
1632 2215 1711 2247 siue

285 2263 399 2294 uelint
438 2264 514 2294 siue
561 2261 677 2293 nolint
715 2263 786 2292 tam
829 2261 926 2302 lust„
972 2261 1133 2293 uelintue
1163 2261 1188 2294 C
1225 2261 1240 2300 11
1281 2263 1320 2292 40
1364 2261 1576 2292 testamento
1618 2259 1710 2300 Just„

285 2309 391 2340 testat
429 2308 537 2339 modo
582 2306 627 2339 C'¹²
667 2307 680 2347 ΙΙ
720 2309 756 2337 44
804 2307 979 2348 permittit
1022 2306 1062 2347 C,
1107 2306 1284 2348 permittit
1328 2305 1534 2338 uolentibus
1581 2305 1661 2338 Inst.
1698 2304 1712 2347 ΙΙ

285 2354 484 2385 hereditate
526 2353 624 2393 Inst.,
664 2351 785 2383 heredi
831 2351 855 2384 C
893 2351 907 2391 11
948 2353 989 2383 42
1031 2352 1067 2383 in
1107 2353 1237 2383 addidit
1278 2351 1447 2383 Goeschen
1487 2351 1500 2391 ΙΙ
1542 2353 1580 2382 45
1607 2352 1710 2391 pote-

286 2400 412 2430 statem
447 2398 632 2439 Goeschen,
668 2394 768 2439 post}
796 2398 914 2429 autem
952 2397 1012 2437 Cn,
1051 2398 1137 2437 conf.
1173 2396 1212 2429 ca
1238 2405 1318 2437 pay.
1346 2399 1408 2431 289
1440 2399 1471 2428 ει
1496 2405 1576 2436 pay.
1601 2398 1668 2428 504
1697 2393 1710 2438 ΙΙ

288 2447 327 2475 46
359 2448 438 2476 ante
468 2444 639 2484 mancipii
670 2445 706 2474 in
740 2442 783 2474 Cn
815 2443 931 2474 addita
961 2445 1011 2474 est
1044 2443 1157 2482 ylossa
1193 2442 1230 2474 id
1266 2443 1320 2473 est
1355 2442 1572 2482 mancipato,
1607 2449 1710 2480 quam

285 2492 428 2521 remouit
453 2490 579 2521 Klenze
595 2488 609 2528 11
627 2489 656 2521 si
682 2489 835 2519 additum
858 2496 902 2519 ex
926 2489 1120 2519 coniectura
1143 2488 1156 2526 ΙΙ
1179 2487 1344 2519 libertate
1370 2486 1532 2527 Huschke,
1559 2483 1708 2518 liberet?

290 2534 314 2565 C
341 2535 354 2574 l}
384 2537 424 2566 47
457 2535 623 2575 quamuis
655 2534 823 2574 Huschke,
857 2540 938 2564 cum
973 2532 998 2564 C
1023 2533 1036 2573 ΙΙ
1066 2535 1106 2563 20
1139 2532 1302 2574 heredes]
1327 2532 1412 2571 conf.
1441 2531 1482 2563 C²
1503 2540 1582 2572 paq.
1608 2534 1674 2564 269
1699 2530 1703 2573 Ι

287 2582 322 2611 24
354 2581 445 2611 sicut
470 2580 627 2611 extranei
658 2579 698 2620 C,
731 2578 888 2610 extranei
914 2578 1064 2610 heredes
1091 2579 1193 2619 Inst.;
1224 2579 1320 2610 sicut
1344 2579 1465 2609 deleuit
1491 2578 1676 2608 Mommsen
1697 2575 1704 2618 l

287 2627 419 2656 24-22
457 2635 476 2657 a
509 2627 620 2656 matre
652 2624 801 2656 heredes
835 2623 874 2664 C,
906 2623 1055 2655 heredes
1085 2633 1103 2654 a
1135 2627 1248 2655 matre
1280 2624 1359 2654 lust.
1392 2623 1406 2662 11
1438 2625 1478 2653 23
1512 2622 1645 2654 liberos
1673 2622 1708 2654 in

285 2673 458 2704 votestate
488 2670 522 2711 C,
549 2671 582 2701 in
608 2671 783 2711 potestate
807 2668 939 2701 liberos
967 2669 1045 2700 [nst.
