1892 3095
273 143 536 182 usios—ui
787 164 897 169 ffl
959 141 1011 180 66
1072 161 1183 168 -.

276 280 367 307 esse
406 279 485 306 non
523 271 675 318 potest3
719 278 765 305 ac
795 278 846 304 ne
879 266 911 304 is
944 263 1113 317 quidem
1146 265 1217 316 qui
1250 265 1290 302 in
1323 264 1468 303 eadem
1500 269 1701 316 potestate

277 330 356 374 est,
396 324 515 363 uelut
556 324 682 362 frater
722 324 823 361 eius.
886 321 959 360 sed
1000 323 1032 360 si
1071 320 1180 360 filius
1214 320 1387 360 familias
1420 334 1471 360 ex
1502 321 1702 360 castrensi

275 380 436 432 peculio
469 386 561 432 post
591 381 826 418 missionem
860 379 979 417 faciat
1009 383 1317 427 testamentum,
1357 390 1434 416 nec
1464 383 1581 428 pater
1612 379 1701 417 eius

276 443 387 476 recte
429 439 546 476 testis
577 437 590 488 Η
623 436 845 475 adhibetur
881 447 957 474 nec
993 436 1025 474 is
1067 436 1138 486 qui
1170 436 1210 473 in
1239 439 1441 485 potestate
1473 436 1599 485 patris
1631 440 1699 473 est.
1716 447 1795 480 pag.
1813 440 1853 470 so

188 495 259 531 107
277 495 333 533 De
366 493 600 545 libripende
632 492 778 531 eadem
810 504 916 543 quae
948 496 989 531 et
1020 491 1071 530 de
1099 491 1275 530 testibus
1298 490 1404 530 dicta
1426 502 1518 530 esse
1539 491 1734 530 intelle-5

186 551 263 588 408
279 562 444 603 gemus3
484 563 577 589 nam
616 554 656 588 et
693 550 726 587 is
765 550 932 587 testium
972 560 1145 586 numero
1183 553 1254 587 est.
1319 548 1356 587 Is
1400 559 1518 597 uero,
1561 549 1630 597 qui
1662 549 1701 586 in

278 613 479 659 potestate
518 606 684 646 heredis
717 611 787 644 aut
818 606 1001 656 legatarii
1035 610 1113 655 est,
1156 606 1329 643 cuiusue
1361 605 1482 644 heres
1513 606 1602 655 ipse
1634 610 1705 644 aut

279 665 502 716 legatarius
535 665 574 702 in
606 666 804 713 potestate
835 667 909 710 est,
943 663 1099 712 quique
1131 663 1170 700 in
1194 661 1382 700 eiusdem
1404 665 1606 712 potestate
1629 666 1702 712 est,

278 722 378 760 adeo
421 722 535 759 testis
578 724 617 757 et
656 719 857 769 libripens
899 717 1087 756 adhiberi
1125 724 1276 769 potest,
1327 723 1373 757 ut
1410 719 1499 769 ipse
1537 730 1704 771 quoque

278 779 400 816 heres
448 781 520 816 aut
558 776 781 827 legatarius
822 776 912 814 iure
953 774 1240 814 adhibeantur.
1308 774 1383 813 sed
1419 779 1554 814 tamen
1593 774 1760 827 quodlo

279 835 331 873 ad
372 833 570 873 heredem
613 834 792 883 pertinet
822 832 978 883 quique
1010 832 1050 869 in
1083 833 1171 870 eius
1202 836 1405 883 potestate
1437 837 1500 870 est
1530 833 1704 871 cuiusue

281 894 312 931 is
345 892 384 930 in
416 894 618 941 potestate
652 890 738 937 erit,
772 889 938 926 minime
969 887 1046 926 hoc
1077 889 1165 927 iure
1197 889 1256 926 uti
1289 888 1504 928 debemus.

713 944 774 998 [DE
804 956 1060 984 ‘rt-:sumanus
1091 945 1281 996 murvin]

187 1005 263 1041 409
392 1003 474 1044 Sed
505 1003 607 1042 haec
639 1002 815 1054 diligens
850 1002 1086 1041 obseruatio
1122 1002 1162 1040 in
1185 1001 1423 1040 ordinandis
1450 1005 1706 1041 testamentis

279 1061 476 1100 militibus
513 1065 684 1111 propter
713 1060 879 1098 nimiam
911 1058 1143 1109 inperitiam.
1174 1058 1528 1098 constitutionibus
1558 1059 1763 1110 princi-45

278 1130 380 1169 pum
411 1119 583 1157 remissa
616 1121 689 1155 est.
742 1128 836 1155 nam
865 1116 1056 1167 quamuis
1079 1127 1216 1166 neque
1238 1115 1465 1166 legitimum
1487 1127 1707 1154 numerum

278 1176 444 1214 testium
477 1173 744 1213 adhibuerint
774 1185 912 1224 neque
940 1171 1207 1210 uendiderint
1228 1171 1422 1210 familiam
1443 1184 1581 1223 neque
1603 1184 1710 1210 nun-

188 1231 264 1269 440
280 1233 523 1283 cupauerint
544 1234 848 1279 testamentum,
883 1234 994 1268 recte
1014 1228 1140 1267 nihilo
1162 1230 1297 1267 minus
1320 1233 1536 1267 testantur.
1590 1229 1710 1267 Prae-

279 1294 392 1327 terea
428 1289 678 1339 permissum
716 1291 779 1326 est
808 1287 856 1325 iis
888 1290 929 1324 et
958 1287 1199 1336 peregrinos
1231 1290 1271 1324 et
1301 1286 1462 1324 Latinos
1493 1286 1708 1323 instituere

280 1344 456 1384 heredes
478 1344 549 1383 uel
571 1345 618 1383 iis
640 1344 795 1395 legare,
818 1355 912 1382 cum
935 1342 1117 1394 alioquin
1139 1343 1349 1394 peregrini
1366 1341 1534 1394 quidem
1552 1343 1709 1380 ratione
1723 1347 1765 1376 20

280 1402 391 1441 ciuili
412 1401 711 1453 prohibeantur
732 1412 881 1451 capere
903 1398 1175 1438 hereditatem
1198 1399 1431 1451 legataque,
1461 1399 1587 1437 Latini
1607 1410 1709 1437 uero

189 1459 259 1497 444
281 1471 356 1510 per
377 1458 512 1511 legem
536 1459 704 1497 Iuniam.
748 1456 938 1497 Caelibes
962 1468 1143 1508 quoque,
1168 1457 1239 1508 qui
1260 1455 1353 1508 lege
1378 1455 1480 1494 Iulia
1502 1454 1710 1494 heredita-

280 1522 361 1555 tem
392 1515 612 1567 legataque
640 1526 789 1565 capere
810 1517 1026 1562 uetantur3
1059 1514 1155 1551 item
1177 1512 1281 1564 orbi,
1313 1511 1355 1551 id
1377 1517 1439 1551 est
1462 1513 1533 1564 qui
1555 1511 1709 1551 liberos

282 1608 362 1634 non
394 1594 561 1645 habent,
594 1606 699 1646 quos
730 1567 1714 1646 lexji-——QQ'Su—Sm—C.

1303 1657 1713 1667 max-xmwvws

374 1697 393 1736 ἓ
412 1698 475 1727 406
502 1695 584 1727 inde
610 1694 655 1726 ab
681 1696 700 1725 2
726 1695 786 1725 sed
803 1694 946 1725 =1nst.
971 1695 1002 1733 2,
1027 1695 1078 1734 40,
1106 1695 1124 1724 9
1148 1693 1160 1736 ΙΙ
1184 1693 1203 1732 ὅ
1229 1695 1293 1724 409
1320 1692 1404 1724 inde
1430 1691 1474 1723 ab
1502 1694 1543 1724 44
1570 1693 1713 1733 diliyens

283 1751 398 1783 usque
423 1742 466 1773 ad
494 1743 533 1772 47
560 1740 776 1772 adhibuerint
800 1748 906 1778 neque
930 1742 963 1770 et
989 1739 1072 1769 inde
1097 1737 1141 1769 ab
1169 1740 1209 1769 48
1235 1740 1325 1770 recte
1350 1750 1391 1764 =
1418 1738 1503 1769 lust.
1530 1740 1561 1778 2,
1589 1739 1622 1770 44
1655 1747 1707 1779 pr.

377 1845 389 1874 4
423 1843 483 1883 qui
510 1843 546 1874 in
568 1841 749 1883 Goeschen‚
775 1842 859 1882 quin
882 1838 970 1882 0112
989 1848 1032 1871 ex
1052 1838 1085 1881 C,
1112 1840 1155 1872 de
1175 1840 1255 1870 Inst.
1280 1837 1294 1881 ΙΙ
1318 1840 1334 1870 4
1354 1839 1465 1880 patris
1487 1839 1521 1879 C,
1548 1839 1712 1871 eiusdem

285 1889 397 1931 patris
424 1888 503 1920 Inst.
528 1885 539 1931 ΙΙ
564 1889 616 1918 est
642 1886 740 1927 Just„
766 1888 813 1918 sit
833 1885 857 1917 C
878 1884 890 1927 ΙΙ
915 1887 932 1916 7
958 1885 1118 1925 legatarii
1142 1884 1311 1925 Huschke,
1337 1885 1522 1924 inlegatari
1549 1883 1574 1916 C
1596 1881 1608 1925 ll
1633 1887 1651 1916 8
1678 1885 1712 1916 in

285 1935 498 1976 potestatem
527 1932 551 1964 C
572 1931 585 1975 ΙΙ
609 1934 627 1963 9
654 1932 744 1963 adeo
770 1932 984 1969 Lachmann,
1010 1931 1099 1962 abeo
1135 1929 1159 1962 C
1181 1927 1193 1972 ΙΙ
1224 1932 1264 1961 40
1291 1932 1352 1961 aut
1381 1929 1561 1970 Goesehen‚
1587 1933 1626 1962 ut
1654 1928 1679 1962 C
1704 1928 1716 1967 ΙΙ

287 1982 327 2011 42
356 1980 385 2011 is
414 1979 600 2019 Goeschen‚
626 1977 670 2009 iis
699 1976 724 2009 C
758 1974 770 2018 ΙΙ
806 1978 872 2008 erit
900 1976 933 2018 C,
965 1979 1018 2008 est
1043 1975 1196 2007 Huschke
1232 1974 1244 2018 ss
1280 1977 1320 2006 43
1349 1975 1503 2006 militum
1533 1974 1714 2016 Goeschen,

287 2025 425 2056 milium
454 2023 478 2056 C
514 2021 527 2066 ΙΙ
566 2025 606 2055 45
634 2022 957 2054 constitutionibus
984 2022 1080 2063 Just„
1111 2017 1469 2052 mentistutionibus‘?
1505 2019 1530 2053 C
1566 2018 1580 2063 ΙΙ
1617 2021 1715 2062 prin-

287 2072 408 2111 cipum
443 2069 482 2110 C,
515 2067 774 2110 principalibus
809 2068 888 2099 Inst.
927 2065 940 2109 11
981 2069 1022 2099 46
1054 2067 1222 2107 quamuis
1262 2065 1297 2106 C,
1334 2067 1501 2106 quamuis
1532 2066 1566 2097 hi
1599 2066 1680 2098 Inst.
1704 2064 1717 2107 ΙΙ

287 2118 327 2147 47
355 2115 589 2147 uendiderint
617 2114 797 2154 Goeschen,
825 2112 1029 2145 uendiderit
1057 2111 1082 2144 C
1107 2110 1120 2154 ΙΙ
1150 2113 1462 2152 nunccupauerint
1494 2109 1518 2143 C
1544 2108 1556 2153 ΙΙ
1588 2113 1629 2143 22
1655 2111 1716 2143 he-

287 2161 475 2193 reditatem
510 2159 696 2200 Goesctzen,
733 2158 930 2190 hereditate
959 2158 983 2189 C
1021 2154 1033 2200 ss
1073 2159 1113 2188 24
1143 2159 1220 2196 post
1251 2157 1306 2188 lex
1335 2165 1442 2188 unum
1470 2157 1589 2195 solium
1618 2158 1654 2188 in
1693 2156 1717 2189 C

284 2208 405 2247 periit,
436 2207 472 2237 in
503 2213 566 2245 quo
588 2206 666 2245 finis
693 2212 810 2235 eorum
831 2205 1044 2243 perscriptus
1075 2205 1166 2244 erat,
1198 2211 1284 2242 quae
1312 2202 1418 2234 Gaius
1443 2203 1482 2233 de
1507 2203 1716 2234 testamentis

286 2253 431 2283 militum
456 2251 623 2290 exposuit.
658 2250 821 2288 proxima
847 2252 959 2280 autem
980 2251 1058 2288 post
1082 2256 1172 2289 quos
1198 2248 1254 2279 lex
1278 2249 1326 2279 ita
1344 2248 1388 2279 ad
1403 2247 1423 2287 ξ
1439 2250 1524 2281 286a
1547 2248 1717 2287 suppleuit

290 2297 458 2328 Huschke:
501 2296 605 2336 Papia
631 2295 712 2335 plus
738 2302 847 2334 quam
874 2294 1042 2325 dimidias
1066 2294 1186 2335 partes
1213 2293 1420 2324 hereditatis
1447 2293 1717 2332 legatorumque

290 2351 417 2382 capere
455 2344 568 2380 uetat,
605 2349 647 2371 ex
680 2340 802 2371 militis
833 2341 1044 2371 testamento
1076 2338 1231 2371 solidum
1271 2339 1429 2380 capiunt.
1484 2337 1612 2369 Deinde
1651 2339 1716 2377 eyit

293 2388 399 2419 Gaius
424 2388 464 2418 de
487 2388 546 2423 iis,
575 2386 695 2425 quibus
720 2387 957 2416 testamentum
980 2384 1095 2423 facere
1118 2393 1185 2415 non
1212 2385 1299 2421 licet,
1327 2384 1485 2415 similiter
1509 2385 1608 2422 atque
1635 2382 1716 2414 Inst.

248 2471 253 2477 .
289 2437 321 2465 2.
353 2436 414 2473 12;
447 2433 517 2471 le.
535 2434 589 2472 20,
611 2433 650 2462 40
669 2438 755 2470 seqq.
781 2433 811 2461 et
838 2429 927 2469 Epic.
955 2433 986 2469 2,
1012 2433 1033 2463 2
1057 2429 1077 2469 ἓ
1099 2432 1114 2459 1
1141 2437 1242 2470 seqq.‚
1267 2429 1324 2460 ubi
1348 2429 1430 2460 haec
1455 2429 1635 2468 leguntur:
1680 2427 1717 2459 ld

290 2486 435 2518 quoque
461 2479 632 2509 statutum
660 2477 729 2516 est,
761 2474 858 2516 quod
885 2483 954 2505 non
981 2474 1148 2506 omnibus
1176 2474 1281 2505 liceat
1305 2473 1422 2505 iacere
1446 2475 1719 2514 testamentum

291 2524 385 2554 sicut
410 2524 494 2555 sunt
519 2523 554 2553 hi
580 2522 642 2562 qui
659 2522 715 2553 sui
734 2521 821 2552 iuris
839 2528 909 2552 non
928 2523 1020 2561 sunl,
1047 2520 1109 2552 sed
1135 2519 1252 2551 alieno
1272 2519 1340 2552 iuri
1358 2518 1511 2551 subiecti
1529 2521 1622 2558 sunt,
1649 2519 1718 2550 hoc

291 2570 344 2599 est
363 2567 425 2599 filii
445 2571 515 2599 tam
535 2576 577 2598 ex
603 2566 707 2598 nobis
730 2567 803 2598 nati
829 2574 936 2606 quam
961 2565 1132 2606 adoptiui.
1182 2564 1223 2604 (2)
1250 2565 1338 2596 Item
1364 2565 1574 2596 testamenta
1599 2563 1718 2595 facere

291 2622 361 2644 non
388 2614 539 2653 possunt
564 2611 782 2653 impuberes,
808 2611 845 2643 id
869 2615 923 2643 est
948 2611 1105 2642 minores
1129 2609 1418 2650 quattuordecim
1443 2617 1632 2650 annorum,
1657 2611 1720 2641 aut

291 2658 431 2699 puellae
458 2658 662 2690 duodecim.
699 2657 727 2697 (ἓ
748 2657 776 2697 3)
812 2657 897 2688 item
923 2657 959 2687 et
984 2656 1030 2696 hi,
1057 2657 1117 2696 qui
1144 2655 1286 2696 furiosi,
1318 2655 1354 2686 id
1380 2657 1434 2686 est
1458 2657 1577 2686 mente
1602 2655 1718 2686 insani
