1892 3095
279 145 534 183 111§95³—98
778 170 889 175 --
953 147 1029 186 124
1092 170 1202 176 —-

1593 276 1680 313 item

277 326 311 363 si
350 325 512 364 debitor
547 326 733 366 mulieris
770 329 888 367 iussu
927 330 1036 379 eius,
1077 328 1176 367 dum

279 381 362 420 doti
404 382 512 422 dicat
550 384 662 435 quod
704 384 848 434 debet3
894 385 999 424 alius
1046 390 1185 424 autem
1225 386 1405 437 obligari
1445 385 1515 425 hoc
1559 387 1680 426 modo

278 451 358 477 non
395 445 541 491 potest.
577 440 580 492 Ι
616 446 656 479 et
685 440 778 479 ideo
810 443 843 480 si
875 443 968 494 quis
999 442 1101 480 alias

420 494 630 545 comlmuni
669 498 758 536 iure
796 498 1740 550 obliga———Qs

463 552 466 582 l

213 634 263 671 96
393 634 492 671 Item
524 645 606 671 uno
638 633 835 685 loquente

277 692 311 720 in
341 689 366 721 C
388 690 453 726 lessi
477 691 660 727 nequeunt)

1684 361 1694 381 ²

1051 633 1056 683 Ι
1532 614 1563 651 (5
1585 621 1708 643 uersus

277 791 331 796 -
362 769 465 807 haec
504 769 593 807 sola.
630 780 755 808 eausa
786 775 860 820 est,
902 783 954 809 ex
985 783 1066 822 qua
1106 771 1376 810 iureiurando
1414 771 1668 810 contrahitur

277 825 482 877 obligatiO.
545 838 643 865 sane
675 838 728 865 ex
758 826 835 864 alia
872 826 986 865 nulla
1018 839 1141 866 causa
1178 827 1446 867 iureiurando
1482 828 1667 867 homines
1698 825 1762 881 uto

278 882 524 933 obligantur,
558 884 702 934 utique
725 895 818 921 oum
851 885 1067 935 quaeritur
1089 884 1140 923 de
1163 886 1252 923 iure
1276 886 1562 924 Romanorum.
1613 897 1708 923 nam
1722 897 1799 930 pag.
1819 889 1882 921 ⁴54

277 939 389 990 apud
419 941 662 990 peregrinos
695 940 797 992 quid
828 941 928 978 iuris
960 941 1027 991 sit,
1071 941 1330 992 singularum
1361 943 1588 981 ciuitatium
1618 942 1709 980 iura

276 997 538 1047 requirentes
570 996 685 1035 aliud
715 996 959 1048 intellegere
991 1000 1218 1048 poterimus

212 1107 263 1147 97
392 1111 433 1149 Si
464 1110 506 1149 id
538 1110 651 1162 quod
684 1110 772 1149 dari
810 1110 1056 1162 stipulamur
1086 1111 1166 1150 tale
1199 1111 1267 1162 sit,
1306 1116 1352 1150 ut
1382 1111 1470 1150 dari
1500 1124 1582 1150 non
1612 1124 1708 1162 pos-

279 1168 348 1216 sit,
387 1167 539 1205 inutilis
572 1172 635 1205 est
665 1166 892 1217 stipulatio,
933 1168 1053 1207 uelut
1091 1169 1124 1207 si
1157 1169 1250 1219 quis
1291 1168 1498 1207 hominem
1529 1167 1762 1207 liberumls

279 1236 404 1275 quem
444 1236 615 1263 seruum
653 1236 744 1263 esse
781 1223 996 1275 credebat,
1041 1230 1112 1264 aut
1150 1230 1360 1263 mortuum
1397 1237 1522 1276 quem
1561 1225 1707 1264 uiuum

279 1292 370 1319 esse
403 1280 614 1331 credebat,
646 1285 717 1319 aut
747 1280 883 1319 locum
915 1293 1079 1320 sacrum
1113 1281 1181 1320 uel
1211 1282 1452 1334 religiosum
1474 1294 1599 1334 quem
1629 1294 1709 1334 pu-

194 1340 265 1379 97ὃ
278 1337 389 1376 tabat
420 1338 588 1376 humani
618 1339 719 1376 iuris
751 1350 859 1388 esse,
892 1338 980 1377 dari
1013 1336 1260 1391 (stipuletur.
1310 1339 1407 1377 Item
1438 1339 1476 1378 sz'
1504 1339 1593 1391 quis
1623 1351 1709 1377 rem

278 1405 377 1444 quae
399 1396 440 1432 in
462 1406 602 1433 rerum
622 1399 774 1433 natura
797 1406 881 1433 esse
901 1407 980 1433 non
1006 1399 1146 1446 potest,
1175 1395 1287 1434 uelut
1314 1394 1706 1448 hippocentaurum)

211 1456 263 1494 98
278 1451 520 1502 stipuletur,
558 1463 692 1504 aeque
729 1451 883 1490 inutilis
921 1456 984 1491 est
1020 1452 1240 1503 stipulatio.
1302 1453 1404 1492 Item
1434 1453 1469 1491 si
1501 1453 1594 1504 quis
1626 1452 1706 1491 sub
1721 1459 1762 1489 20

277 1519 323 1546 ea
364 1508 602 1547 condicione
644 1508 868 1559 stipuletur
905 1521 1012 1560 quae
1050 1510 1227 1548 existere
1264 1521 1347 1548 non
1382 1514 1535 1561 potest,
1577 1509 1708 1548 ueluti

277 1565 310 1602 si
342 1564 467 1617 digito
500 1565 661 1604 caelum
691 1566 888 1617 tetigerit,
930 1566 1085 1605 inutilis
1117 1571 1180 1605 est
1211 1565 1426 1617 stipulatio.
1488 1565 1564 1605 sed
1595 1566 1709 1618 lega-

277 1627 362 1659 tnin
395 1622 474 1661 sub
505 1622 736 1673 impossibili
767 1622 1004 1662 condicione
1035 1622 1225 1662 relictum
1255 1624 1384 1662 nostri
1414 1628 1707 1674 praeceptores

278 1755 615 1765 Μκν-..αηωνκκΝΨ-»ᾹΛ
620 1755 1703 1766 ,ωΜΜΝ-ΜἏΜᾺΜΜΜΜΝ

371 1849 460 1878 2-3
486 1847 572 1886 conf.
603 1846 661 1878 Cas
685 1844 698 1889 Η
725 1849 741 1877 3
767 1846 837 1878 hoc
864 1848 970 1886 paulo
999 1848 1114 1878 minus
1143 1848 1316 1886 probabile
1345 1851 1394 1878 est
1423 1849 1460 1879 in
1487 1847 1532 1880 C¹²
1557 1849 1709 1880 eoetitisse

277 1901 380 1932 quam
404 1901 445 1924 eo
471 1893 506 1922 in
535 1892 559 1924 C
581 1890 594 1934 ΙΙ
622 1894 706 1923 4-6
733 1894 781 1924 ita
805 1893 877 1932 fere
901 1893 946 1923 ad
969 1895 1186 1933 sententiam,
1219 1902 1286 1924 non
1311 1893 1355 1924 ad
1384 1893 1520 1934 ductus,
1550 1893 1708 1932 supplere

274 1939 401 1977 possis:
443 1939 485 1969 et
527 1937 621 1969 ideo
667 1937 704 1969 si
747 1938 841 1976 quis
886 1937 987 1969 alius
1033 1946 1096 1979 pro
1145 1939 1293 1970 muliere
1331 1938 1452 1970 dotem
1499 1939 1708 1980 promittere

277 1983 382 2023 uelit,
409 1983 610 2015 communi
635 1983 726 2015 iure
751 1983 929 2022 obligare
954 1991 993 2015 se
1020 1982 1143 2024 dehet,
1169 1984 1205 2016 id
1231 1985 1287 2016 est
1310 1984 1494 2024 stipulanti
1520 1985 1599 2015 uiro
1624 1992 1708 2024 pro-

278 2029 431 2061 mittere.
453 2027 595 2069 116-40
623 2029 708 2068 conf.
731 2028 788 2060 Cas
812 2027 825 2070 ΙΙ
849 2031 935 2059 7-9
962 2028 982 2068 ἓ
1000 2031 1041 2060 96
1066 2030 1202 2060 initium
1225 2030 1451 2068 supplendum
1475 2032 1525 2061 est
1547 2030 1593 2060 ad
1619 2029 1706 2069 Epit.

275 2076 307 2115 2,
326 2078 356 2114 9,
376 2077 406 2115 4,
430 2075 487 2105 ubi
511 2074 594 2105 haec
619 2077 754 2106 eoetant:
782 2075 869 2105 Item
890 2077 923 2105 et
947 2074 1016 2105 alio
1043 2082 1127 2106 casu
1153 2083 1225 2106 uno
1251 2074 1417 2114 loquente
1435 2075 1470 2106 et
1493 2075 1568 2107 sine
1594 2075 1708 2106 inter-

276 2121 462 2159 rogatione
487 2119 546 2150 alii
572 2120 802 2160 promittente
827 2119 1052 2151 contrahitur
1076 2119 1257 2161 obligatio,
1283 2120 1319 2151 id
1337 2122 1392 2151 est
1413 2121 1443 2152 si
1469 2119 1621 2152 libertus
1646 2129 1708 2161 pa·

277 2168 381 2196 trono
408 2166 470 2197 aut
494 2165 629 2196 donum
657 2167 718 2196 aut
745 2174 874 2196 munus
900 2166 962 2196 aut
986 2173 1113 2206 operas
1139 2174 1176 2197 se
1202 2165 1370 2197 daturum
1396 2173 1473 2198 esse
1498 2165 1643 2205 iurauit,
1669 2165 1706 2197 in

276 2220 345 2251 qua
365 2219 403 2242 re
420 2219 527 2251 supra
548 2210 633 2242 dicti
662 2210 781 2241 liberti
802 2219 871 2241 non
891 2212 962 2242 tam
988 2210 1186 2242 uerborum
1213 2210 1450 2242 sollemnitate
1467 2219 1574 2251 quam
1601 2210 1707 2243 iuris-

277 2256 420 2287 iurandi
445 2255 619 2296 religione
644 2256 827 2295 tenentur;
853 2256 915 2287 sed
943 2255 1041 2287 nulla
1066 2256 1177 2288 altera
1203 2265 1355 2297 persona
1378 2256 1447 2288 hoo
1465 2256 1592 2288 ordine
1617 2255 1708 2287 obli-

278 2302 353 2341 gari
379 2302 506 2343 potest.
529 2297 543 2342 ΙΙ
567 2303 585 2331 9
609 2300 758 2341 —haec]
787 2301 818 2332 si
844 2298 956 2332 haec?
994 2300 1033 2342 C;
1067 2303 1102 2332 et
1132 2302 1221 2334 haec
1244 2310 1347 2341 quam
1371 2301 1434 2333 sed
1466 2301 1554 2334 haec
1582 2300 1707 2333 Gaium

276 2348 408 2378 dedisse
437 2346 649 2386 probabilius
680 2349 728 2378 est
757 2344 769 2388 ΙΙ
799 2346 874 2377 solo
905 2346 929 2378 C
958 2342 969 2389 ΙΙ
1001 2346 1065 2386 est]
1095 2344 1135 2378 s?
1161 2348 1205 2385 (id
1231 2350 1279 2378 est
1303 2344 1406 2385 sed?)
1437 2346 1461 2379 C
1483 2345 1497 2388 ΙΙ
1520 2349 1556 2377 Μ
1588 2355 1706 2378 roma-

280 2401 410 2423 norum
433 2391 467 2433 C,
494 2395 650 2430 expectes
675 2392 833 2423 Romano
860 2392 947 2431 (cum
965 2393 1178 2431 Potenaario)
1203 2393 1258 2424 uel
1283 2393 1418 2424 ciuium
1438 2393 1676 2424 Romanorum
1694 2389 1708 2434 ΙΙ

278 2440 318 2468 12
345 2439 432 2469 iuris
458 2437 621 2478 Hollwey,
647 2434 787 2468 iudris?
817 2436 842 2468 C
864 2436 876 2477 ΙΙ
902 2439 940 2467 43
966 2440 1042 2476 post
1067 2438 1266 2478 poterimus
1291 2440 1351 2469 aut
1374 2438 1458 2469 nihil
1481 2439 1517 2468 in
1545 2436 1570 2469 C
1592 2439 1707 2469 extitit

276 2486 334 2514 aut
368 2483 402 2514 in
435 2483 515 2514 aliis
547 2482 669 2514 ualere
693 2482 748 2513 uel
772 2482 881 2513 simile
905 2483 1034 2521 aliquid
1059 2483 1133 2523 (uia)
1164 2483 1200 2514 in
1231 2483 1412 2524 plerisque
1443 2482 1565 2514 ualere
1588 2483 1642 2513 uel
1668 2483 1704 2514 in

278 2529 399 2560 inultis
433 2528 565 2566 ualere)
588 2525 602 2570 ΙΙ
627 2530 668 2559 45
704 2527 840 2559 inutilis
871 2527 1057 2568 Goeschen,
1093 2528 1241 2560 iniutilis
1271 2528 1296 2561 C
1323 2525 1336 2571 ΙΙ
1368 2529 1508 2559 47-48
1542 2527 1703 2568 putabat]

278 2573 463 2612 putabatat
492 2572 517 2605 C
537 2571 550 2614 ΙΙ
575 2575 707 2604 48-49
734 2571 774 2615 ()
799 2573 843 2604 ad
870 2573 948 2604 [πει.
973 2576 1005 2613 5,
1033 2577 1085 2614 19,
1112 2577 1128 2604 1
1156 2574 1302 2612 exempli
1330 2575 1445 2614 qratia
1474 2573 1628 2604 additum
1656 2575 1707 2605 est

277 2620 359 2650 duce
377 2619 597 2650 Laclzmanno
613 2617 628 2658 ΙΙ
645 2620 687 2649 22
705 2619 890 2659 stipulatio
912 2618 1093 2659 Goeschen‚
1119 2619 1275 2659 stipulaq
1296 2617 1351 2660 Cu,
1377 2618 1462 2657 conf.
1485 2618 1620 2659 Csspay.
1635 2620 1704 2650 505

275 2672 364 2695 nors.
389 2667 411 2695 3
435 2662 448 2705 ΙΙ
472 2666 513 2695 23
541 2664 756 2695 condicione
785 2663 964 2703 Goeschen‚
992 2662 1263 2705 coicondicione
1291 2663 1323 2696 C.
