1892 3095
286 152 554 191 113433—135
801 175 912 182 —-
974 152 1027 191 72
1084 175 1197 182 —.

285 276 411 315 locum
464 276 705 317 succedendo
751 278 872 329 quasi
923 277 1172 330 aynascendo
1213 278 1315 329 fiunt
1355 276 1611 333 parentilbus
1644 279 1709 318 sui

284 333 474 373 heredes.
539 339 584 374 ut
619 346 714 373 ecce
753 335 787 373 si
825 334 955 374 filium
997 340 1036 373 et
1075 347 1129 373 ecc
1174 346 1215 372 eo
1265 339 1440 386 nepotem
1485 337 1711 387 nelptemue

286 392 326 429 in
364 395 557 442 potestate
594 390 779 442 habeam,
816 393 912 442 quia
943 391 1052 442 filius
1082 391 1216 443 yradu
1243 391 1471 442 praecedit,
1503 390 1510 442 Ι
1537 393 1570 430 is
1601 392 1710 431 solus

286 448 379 486 iura
409 448 476 486 sui
504 447 661 487 heredis
691 446 817 497 habet,
850 451 1034 499 quamuis
1065 459 1184 499 nepos
1215 446 1385 502 quelque
1417 453 1458 488 et
1488 450 1621 500 neptis
1653 461 1713 489 eae

284 516 325 542 eo
358 506 400 543 in
430 505 566 543 eadem
595 507 785 555 potestate
816 505 913 553 sint3
946 505 1015 544 sed
1045 506 1081 544 si
1104 505 1213 556 fitius
1233 517 1343 543 meus
1366 516 1425 543 me
1445 506 1539 544 uiuo
1559 507 1743 545 moria-5

285 566 366 612 tur,
415 566 487 599 aut
528 559 703 612 qualibet
747 562 902 600 ratione
942 567 1063 600 eaceat
1100 562 1147 600 de
1181 565 1376 613 potestate
1420 573 1530 612 mea,
1578 562 1714 613 incipit

286 630 404 669 nepos
434 619 615 669 neptisue
646 617 686 655 in
708 617 794 655 etus
817 617 943 657 locum
965 616 1198 666 succeldere‚
1235 623 1270 657 et
1291 631 1338 657 eo
1360 617 1482 657 modo
1505 619 1595 658 iura
1617 630 1713 658 suo-

191 674 267 712 434
284 687 376 714 rum
417 674 608 713 heredum
649 674 769 726 quasi
803 672 1028 727 aynatiolne
1068 676 1376 715 nanciscuntur.
1438 676 1496 714 Ne
1534 687 1632 727 ergo
1664 687 1712 714 eo

284 731 405 770 modo
448 736 666 782 rumpatur
704 731 801 769 mihi
838 729 1147 784 telstamentum,
1188 733 1291 771 sicut
1330 733 1459 783 ipsum
1491 732 1619 783 filium
1648 731 1715 770 uel

283 787 463 827 heredem
495 789 709 827 instituere
740 787 811 827 uel
838 785 843 841 Ι
871 788 1128 828 exheredare
1161 789 1308 838 debeo,
1341 801 1393 828 ne
1423 801 1504 828 non
1534 789 1622 827 iure
1645 786 1766 838 fa-to

286 846 391 884 ciam
423 849 709 896 testamentum,
742 845 799 883 ita
829 850 864 884 et
893 843 1091 897 nelpotem
1125 852 1347 898 neptemue
1380 858 1431 885 ex
1462 857 1509 884 eo
1540 857 1713 884 necesse

284 906 346 941 est
376 901 475 940 mihi
505 901 570 941 uel
599 901 781 940 heredem
813 902 1019 941 instituere
1044 903 1108 942 uel
1138 903 1402 954 eoeheredare‚
1435 914 1484 941 ne
1505 901 1622 954 forte,
1653 913 1714 940 me

284 960 379 997 uiuo
412 958 493 1008 filio
530 963 701 1009 mortuo,
746 958 987 998 succedendo
1024 959 1066 997 in
1106 959 1233 998 locum
1269 960 1353 998 eius
1384 971 1504 1010 nepos
1535 959 1714 1010 neptisue

281 1012 293 1067 Η
314 1016 433 1067 quasi
454 1017 669 1067 agnatione
692 1020 858 1067 rumpat
879 1020 1190 1065 testamentum3
1222 1015 1349 1068 idque
1372 1015 1460 1068 lege
1483 1016 1599 1054 Iunia
1619 1015 1714 1055 Vel-
1727 1029 1804 1062 pag.
1824 1021 1866 1051 88

285 1072 375 1111 laea
411 1074 625 1124 prouisum
658 1079 733 1124 est,
765 1074 806 1111 in
837 1085 920 1125 qua
951 1073 1075 1112 simul
1106 1072 1437 1113 exheredationis
1470 1072 1618 1112 modus
1640 1079 1768 1111 no-45

284 1134 412 1179 tatur,
454 1134 500 1168 ut
541 1129 670 1168 uirilis
709 1141 835 1169 sexus
877 1127 1091 1183 (postumi)
1132 1131 1388 1180 nominatim,
1428 1130 1612 1169 feminini
1642 1128 1712 1168 uel

283 1187 521 1225 nominatim
563 1187 629 1225 uel
671 1188 777 1226 inter
814 1191 974 1227 ceteros
1006 1186 1331 1237 exheredentur,
1365 1186 1465 1225 dum
1496 1192 1633 1225 tamen
1664 1187 1712 1224 iis

193 1242 268 1280 435
286 1245 357 1295 qui
397 1245 503 1282 inter
541 1248 700 1282 ceteros
740 1243 1048 1283 exheredantur
1088 1244 1247 1296 aliquid
1283 1243 1456 1295 legetur.
1527 1244 1715 1281 Emanci-

284 1305 400 1351 patos
448 1300 603 1339 liberos
654 1302 744 1339 iure
781 1300 893 1339 ciuili
929 1313 1066 1353 neque
1107 1300 1284 1340 heredes
1322 1301 1538 1339 instituere
1574 1311 1713 1352 neque

286 1356 543 1396 exheredare
580 1369 753 1397 necesse
793 1362 873 1408 est,
918 1359 1015 1410 quia
1050 1370 1133 1397 non
1172 1362 1268 1397 sunt
1306 1358 1368 1396 sui
1400 1355 1599 1406 heredes;
1637 1355 1768 1396 sed2⁰

284 1419 451 1465 praetor
473 1426 615 1453 omnes
636 1419 719 1453 tam
740 1414 925 1453 feminini
946 1427 1071 1467 quam
1093 1414 1308 1454 masculini
1326 1426 1464 1464 sexus,
1489 1415 1522 1453 si
1535 1413 1712 1452 heredes

285 1483 366 1509 non
397 1472 674 1522 instituantur,
707 1471 953 1510 exheredari
984 1471 1112 1522 iubet,
1145 1472 1277 1511 uirilis
1309 1483 1436 1510 sexus
1461 1471 1711 1520 nominatim,

285 1528 470 1567 seminini
515 1528 581 1567 uel
625 1530 863 1567 nominatim
907 1528 978 1568 uel
1014 1530 1120 1568 inter
1161 1533 1340 1577 ceteros3
1388 1526 1540 1580 quodsi
1576 1539 1713 1579 neque

284 1584 464 1624 heredes
504 1586 678 1624 instituti
719 1586 872 1624 suerint
906 1598 1044 1637 neque
1086 1587 1141 1624 ita
1179 1590 1224 1625 ut
1260 1596 1387 1636 supra
1424 1584 1603 1623 diximus
1642 1596 1715 1623 ex-

285 1641 483 1692 heredati,
516 1647 682 1693 praetor
712 1643 912 1693 promittit
941 1644 999 1681 eis
1031 1647 1171 1681 contra
1200 1642 1365 1681 tabulas
1393 1641 1597 1680 bonorum
1618 1652 1714 1692 pos·
1727 1647 1768 1676 25

375 1776 394 1815 ξ
413 1778 476 1808 434
502 1785 618 1816 usque
643 1776 687 1807 ad
707 1778 748 1808 45
763 1779 944 1816 prouisum
968 1779 1017 1808 est
1035 1790 1074 1803 =
1095 1777 1168 1816 Dig.
1188 1779 1240 1817 28,
1268 1778 1297 1817 3,
1324 1778 1382 1816 43;
1408 1776 1427 1816 ξ
1447 1777 1510 1807 434
1534 1784 1650 1817 usque
1667 1775 1713 1807 ad

287 1824 326 1853 45
351 1822 472 1853 modus
497 1821 569 1853 fere
587 1835 627 1848 =
647 1822 730 1853 Inst.
755 1824 785 1860 2,
813 1824 865 1862 43,
891 1824 928 1862 2;
953 1822 972 1861 ξ
991 1824 1053 1853 434
1081 1824 1166 1853 extr.
1194 1822 1286 1853 conf.
1312 1822 1532 1863 Theophilus
1555 1824 1586 1863 2,
1613 1823 1667 1862 43,
1692 1823 1712 1852 2

285 1867 351 1907 (ed.
378 1867 512 1898 Ferrini
537 1876 615 1908 pag.
635 1869 699 1898 473
726 1876 819 1899 uers.
839 1868 936 1907 3—6)
960 1866 972 1909 ΙΙ
996 1868 1015 1907 ἓ
1035 1870 1098 1899 435
1117 1880 1158 1895 ..—=
1177 1868 1259 1899 Inst.
1286 1869 1317 1907 2,
1343 1869 1397 1908 43,
1425 1869 1455 1898 3.

281 1946 320 1954 κη

375 1994 387 2022 4
419 1991 538 2023 locum
569 1991 749 2031 Goeschen,
775 1991 853 2022 loeo
880 1991 959 2031 Οἱς.
988 1991 1069 2023 Inst.
1102 1989 1113 2033 fl
1144 1993 1229 2023 4-7
1257 1999 1332 2022 cum
1352 1999 1416 2030 pro
1440 1999 1510 2031 que
1534 1991 1570 2022 et
1596 1992 1714 2031 neptis

282 2046 387 2077 usque
423 2038 468 2068 ad
505 2037 539 2067 in
577 2037 654 2068 eius
686 2036 806 2068 locum
838 2045 947 2068 succe
976 2038 1012 2068 in
1041 2036 1065 2068 C
1094 2038 1241 2068 duorum
1265 2039 1400 2068 tantum
1428 2045 1593 2068 uersuum
1623 2039 1715 2068 extet

284 2083 522 2123 interuallum,
554 2083 641 2121 quod
667 2085 780 2113 tamen
805 2083 870 2122 leyi
894 2083 1026 2123 nequit,
1052 2083 1217 2113 nonnulla
1242 2091 1286 2113 ex
1311 2083 1374 2122 eis,
1399 2090 1485 2121 quae
1509 2091 1554 2113 ecc
1580 2081 1656 2123 Diy.
1682 2085 1714 2114 et

284 2129 363 2160 Inst.
390 2136 496 2167 supra
520 2128 676 2166 suppleta
700 2130 789 2167 sunt,
815 2136 836 2158 a
863 2127 887 2159 C
909 2127 998 2167 falso
1023 2127 1152 2167 afuisse
1176 2129 1323 2158 conicias
1345 2125 1358 2168 ΙΙ
1382 2129 1401 2158 5
1426 2128 1499 2159 sint
1515 2127 1604 2168 Diffi,
1629 2128 1714 2159 sunt

284 2174 363 2205 Inst.
395 2171 407 2215 ΙΙ
439 2173 614 2204 moriatur
640 2173 736 2213 Inst.‚
762 2173 936 2204 morietur
961 2173 1036 2213 Diy.
1065 2172 1078 2215 Η
1109 2175 1127 2204 6
1153 2172 1317 2213 qualibet
1341 2172 1433 2213 Dia„
1459 2172 1621 2213 qualibet
1644 2172 1711 2204 alia

284 2219 365 2251 Inst.
388 2217 400 2260 ΙΙ
426 2220 443 2249 ’7
471 2218 591 2250 locum
618 2218 709 2258 lust„
735 2217 815 2249 loco
840 2218 917 2258 Diy.
943 2215 956 2261 ΙΙ
981 2221 999 2250 9
1032 2221 1222 2260 rumpatur
1247 2217 1292 2250 Cn
1317 2218 1408 2258 Inst.‚
1434 2219 1578 2259 rumpat
1602 2218 1678 2258 Diy.
1701 2214 1713 2260 ΙΙ

284 2267 322 2295 40
351 2263 568 2295 exheredare
597 2262 631 2303 C,
657 2263 875 2294 exheredare
901 2264 1112 2295 nominatim
1139 2263 1227 2304 Dia,
1258 2263 1468 2295 nominatim
1494 2263 1712 2295 exheredare

219 2302 222 2307 ’
284 2310 363 2341 Inst.
395 2306 406 2352 ΙΙ
437 2311 471 2340 44
505 2310 695 2350 neptemue
721 2308 799 2349 Diy.
828 2309 923 2349 Insa,
954 2309 1012 2341 uel
1045 2306 1258 2349 neptemue‘?
1288 2308 1332 2340 Cn
1362 2306 1375 2346 ΙΙ
1408 2310 1538 2339 42-43
1562 2316 1628 2347 pro
1653 2308 1710 2340 uel

284 2355 454 2387 heredem
477 2372 523 2377 —
549 2355 712 2394 neptisue
743 2355 918 2393 aliquanto
949 2356 1031 2392 (uno
1061 2355 1133 2394 fere
1156 2354 1270 2392 uersu)
1299 2355 1405 2393 plura
1436 2355 1472 2384 in
1501 2353 1525 2386 C
1549 2353 1712 2393 (sortasse

281 2399 379 2439 salso)
405 2402 533 2439 scripta
556 2399 661 2439 fuisse
685 2401 787 2438 spatii
812 2401 1016 2438 computatio
1033 2401 1143 2440 docet;
1176 2399 1262 2439 conf.
1280 2401 1382 2431 etiam
1402 2397 1458 2430 0²²⁸
1473 2396 1486 2440 Η
1509 2400 1549 2430 44
1570 2399 1712 2439 rumpat

286 2444 310 2476 C
334 2445 422 2486 Diy„
449 2446 618 2486 rumpant
643 2445 724 2476 Inst.
761 2442 774 2485 ΙΙ
810 2444 885 2485 lege
913 2445 988 2484 Dia.
1018 2445 1114 2486 lusi,
1147 2445 1260 2485 legem
1291 2444 1316 2477 C
1348 2444 1362 2487 ΙΙ
1399 2446 1439 2475 48
1465 2444 1711 2484 emancipatos

286 2491 375 2531 Inst.,
402 2491 625 2532 mancipatos
654 2489 679 2521 C
711 2487 724 2531 fl
760 2491 801 2520 22
828 2491 1038 2521 nominatim
1066 2491 1162 2531 Inst.,
1190 2490 1446 2522 nonominatim
1476 2488 1501 2521 C
1534 2487 1547 2530 ΙΙ
1582 2490 1623 2519 23
1650 2489 1708 2521 uel

283 2537 340 2572 (an
372 2538 470 2575 uero)
506 2536 718 2568 nominatim
749 2534 806 2567 uel
835 2534 890 2576 Cn,
922 2543 1007 2566 uero
1039 2538 1073 2567 et
1099 2536 1178 2567 Inst.
1204 2535 1216 2577 ΙΙ
1240 2536 1282 2567 24
1308 2543 1417 2577 supra
1447 2533 1481 2574 C,
1508 2542 1570 2565 om.
1599 2534 1678 2566 [πει.
1699 2532 1713 2576 ΙΙ

284 2582 324 2611 25
352 2583 493 2621 praetor
524 2581 701 2623 promittit
731 2582 783 2612 eis
812 2579 868 2621 Cn,
900 2582 1075 2622 promittit
1106 2583 1251 2623 praetor
1280 2582 1331 2613 eis
1362 2581 1408 2620 (in
1438 2579 1514 2611 altis
1545 2580 1713 2611 codicibus

285 2626 537 2659 Institutionum
561 2626 739 2668 promittit
769 2626 820 2657 eis
846 2627 1000 2667 praetor)
1036 2626 1114 2657 Jnst.
1145 2625 1157 2668 ΙΙ
1187 2626 1329 2658 tabulas
1359 2625 1398 2667 C,
1430 2624 1572 2657 tabulas
1605 2625 1712 2657 testa-

284 2673 393 2702 menti
419 2672 497 2704 [nst.
