1892 3095
268 185 503 225 [vsisflw
772 210 879 213 -—
943 184 1022 225 160
1082 209 1188 213 --

202 312 442 363 i'7ponitur.
504 312 545 351 Si
591 324 673 364 qua
718 323 785 350 res
830 311 921 350 talis
968 315 1067 361 erat,
1113 315 1159 349 ut
1198 312 1284 350 sine
1324 311 1582 351 incommodo
1613 325 1694 351 non

265 373 407 420 posset
446 368 487 407 in
524 369 587 408 ius
624 368 779 407 adferri
816 368 886 408 uel
923 368 1086 418 adduci,
1134 368 1265 406 ueluti
1312 369 1345 407 si
1391 368 1580 408 columna
1625 374 1696 408 aut

266 438 369 478 grex
399 425 572 465 alicuius
603 427 761 478 pecoris
793 431 916 477 esset,
962 437 1059 477 pars
1105 424 1245 477 aliqua
1290 424 1386 464 inde
1432 426 1694 475 sumebatur;

267 482 419 523 deinde
451 484 491 522 in
524 496 612 522 eam
645 487 804 534 partem
836 484 955 535 quasi
986 484 1026 521 in
1058 487 1182 521 totam
1215 494 1303 521 rem
1334 489 1596 533 praesentem
1624 484 1696 522 fie-

266 541 338 580 bat
371 541 602 579 uindicatIO.
666 541 801 592 itaque
832 553 884 580 ex
915 552 1034 593 greqc
1065 539 1135 578 uel
1166 551 1249 578 una
1281 541 1368 579 ouis
1400 544 1471 579 aut
1501 552 1624 592 capra
1655 542 1729 582 in5

268 600 331 638 ius
363 597 666 648 adducebatur,
699 596 770 635 uel
802 597 925 636 etiam
956 597 1064 649 pilus
1096 596 1192 636 inde
1225 596 1472 636 sumebatur
1502 602 1543 636 et
1569 598 1610 636 in
1631 599 1696 636 ius

268 655 557 706 adserebatur,
600 667 652 693 ex
682 666 790 693 naue
822 667 922 693 uero
954 659 995 693 et
1025 653 1214 693 columna
1246 653 1383 706 aliqua
1412 666 1511 706 pars
1543 653 1699 693 defrin-

269 713 456 766 gebatur.
519 712 707 751 similiter
751 712 786 750 si
832 711 883 751 de
929 712 1058 751 fundo
1103 711 1174 751 uel
1212 711 1263 750 de
1303 711 1480 751 aedibus
1518 712 1608 751 siue
1645 711 1698 751 de

269 769 498 810 hereditate
544 770 824 808 controuersia
867 774 974 820 erat,
1017 781 1114 821 pars
1154 768 1294 821 aliqua
1324 768 1420 807 inde
1452 768 1699 808 sumebatur

269 833 309 867 et
346 829 386 866 in
422 828 486 865 ius
523 825 794 866 adserebatur
831 831 871 865 et
907 828 946 865 in
984 839 1075 866 eam
1104 832 1265 877 partem
1297 825 1471 877 perinde
1502 830 1627 878 atque
1658 827 1753 866 into

268 890 393 924 totam
435 896 523 923 rem
568 888 831 935 praesentem
877 883 1002 922 fiebat
1047 883 1283 935 uindicatio,
1324 883 1455 922 ueluti
1487 895 1539 922 ex
1570 882 1699 923 fundo

270 942 393 994 gleba
438 940 683 980 sumebatur
730 945 771 980 et
815 953 868 980 ex
912 940 1088 980 aedibus
1135 939 1287 993 tegula,
1334 945 1374 979 et
1420 941 1454 979 si
1491 939 1542 980 de
1580 941 1701 980 here-

271 1000 396 1039 ditate
438 1000 720 1038 controuersia
768 1003 869 1050 erat,
917 1010 1051 1051 aeque

720 1057 775 1092 (48
799 1064 922 1086 uersus
946 1057 981 1086 in
1009 1054 1034 1086 C
1054 1055 1242 1094 perierunt)
1717 1087 1756 1117 Μ

189 1135 1098 1194 ⁴7³ll—————-—--qualem
1238 1135 1485 1187 capiendum
1512 1135 1664 1175 iudicio
1696 1132 1794 1189 {pag
1814 1144 1856 1175 49

525 1195 590 1235 die
622 1207 699 1233 xxx
726 1193 780 1234 ad
810 1193 990 1233 iudicem
1022 1192 1270 1245 capiendum
1300 1198 1466 1244 praesto
1498 1205 1590 1232 esse
1619 1189 1704 1246 del-

209 1255 438 1295 iSbebant.
515 1252 728 1293 condicere
775 1256 913 1290 autem
960 1250 1205 1291 denuntiare
1252 1255 1316 1290 est
1361 1251 1498 1302 prisca
1546 1249 1701 1303 lingua.

271 1315 411 1366 itaque
441 1312 544 1351 haec
575 1309 746 1363 quidem
777 1309 881 1348 actio
911 1309 1078 1360 proprie
1101 1308 1303 1347 condictio
1326 1307 1576 1358 uocabatur3
1607 1320 1702 1347 nam

272 1377 386 1410 actor
431 1369 672 1409 aduersario
720 1366 1006 1417 denuntiabat,
1053 1370 1098 1405 ut
1142 1366 1195 1404 ad
1232 1364 1410 1405 iudicem
1456 1365 1703 1416 capiendum

273 1429 339 1469 die
360 1441 434 1467 xxx
465 1426 643 1466 adesset.
684 1436 796 1464 nunc
830 1436 932 1463 uero
968 1436 1050 1462 non
1077 1424 1243 1475 proprie
1271 1421 1570 1462 condictionem
1604 1422 1702 1462 dici·
1714 1431 1754 1460 20

274 1498 366 1526 mus
406 1486 609 1525 actionem
647 1483 687 1521 in
723 1493 946 1533 personam
986 1479 1112 1533 (esse,
1154 1478 1259 1533 qua>
1303 1479 1556 1520 intendimus
1608 1493 1707 1519 ΒΑΜ

272 1557 384 1584 nonis
415 1551 629 1589 omnnem
662 1539 782 1579 nulla
813 1540 921 1578 enim
951 1538 1030 1577 hoc
1058 1542 1245 1590 tempore
1278 1550 1326 1576 eo
1357 1538 1521 1576 nomine
1544 1536 1706 1576 denun-

209 1603 383 1644 i9tiatio
415 1601 470 1640 fit.
543 1600 652 1638 Haec
682 1602 820 1636 autem
850 1596 952 1649 legis
985 1597 1087 1634 actio
1120 1596 1339 1635 constituta
1371 1599 1434 1634 est
1461 1607 1539 1646 per
1568 1593 1705 1646 legem

274 1660 415 1700 Siliam
453 1662 494 1697 et
524 1656 807 1707 Calpurniam,
839 1654 931 1706 lege
974 1653 1145 1705 quidem
1182 1652 1279 1693 Silia
1316 1657 1452 1691 certae
1490 1652 1704 1703 pecuniae,

209 1718 367 1770 aolege
399 1727 500 1755 uero
533 1712 754 1764 Calpurnia
786 1710 838 1750 de
870 1712 978 1749 omni
1011 1715 1122 1750 certa
1152 1722 1210 1750 re.
1267 1710 1405 1756 Quare
1435 1713 1573 1748 autem
1603 1708 1706 1748 haec
1718 1716 1760 1746 25

275 1775 378 1814 actio
410 1771 646 1812 desiderata
678 1771 740 1820 sit,
788 1781 883 1808 cum
925 1767 977 1807 de
1015 1780 1063 1806 eo
1101 1767 1215 1819 quod
1251 1767 1370 1806 nobis
1410 1765 1500 1806 dari
1530 1770 1704 1818 oportet,

275 1831 528 1884 potuerimus
567 1833 639 1867 aut
677 1830 934 1866 sacramento
977 1830 1048 1864 aut
1087 1836 1162 1876 per
1201 1824 1348 1864 iudicis
1389 1823 1706 1876 postulationem

277 1902 413 1942 agere,
445 1886 570 1927 ualde
603 1885 829 1937 quaeritur.

274 1957 371 1966 xxm
377 1960 383 1964 Α

277 2016 323 2048 ad
350 2018 390 2047 48
416 2022 498 2046 nam
519 2030 566 2036 ——
590 2014 630 2043 20
657 2011 791 2042 adesset
816 2007 908 2041 conf.
933 2007 1150 2050 Theophilus
1178 2009 1208 2047 4,
1235 2010 1263 2047 6,
1291 2009 1344 2039 45.

275 2071 445 2082 mmm

369 2097 388 2126 2
398 2094 565 2126 columna
579 2092 614 2133 C,
629 2087 881 2132 columna(aut
894 2087 1014 2131 nauis)
1023 2089 1193 2120 Polenaar
1204 2085 1217 2130 ΙΙ
1231 2090 1248 2119 5
1263 2088 1382 2128 itaque
1393 2086 1573 2127 Goeschen,
1588 2087 1706 2127 itaque

278 2142 336 2174 uel
353 2140 398 2174 Cu
415 2138 427 2182 [Ι
443 2148 548 2181 grege
566 2138 746 2178 Goeschen,
766 2144 892 2176 grecae
909 2133 934 2166 C
949 2131 961 2176 ss
978 2135 1057 2166 ouis
1074 2133 1255 2174 Goeschen,
1274 2131 1391 2174 quisG
1412 2129 1425 2174 ΙΙ
1448 2135 1465 2164 6
1488 2132 1594 2164 etiam
1616 2131 1706 2164 Goe-

278 2189 391 2227 schen,
420 2189 454 2217 et
474 2184 498 2218 C
515 2185 529 2225 ιι
547 2184 630 2215 inde
651 2182 834 2222 Goeschen,
859 2181 916 2213 ide
938 2179 963 2212 C
979 2179 992 2220 ΙΙ
1017 2182 1056 2211 40
1076 2179 1225 2221 perinde
1246 2178 1302 2220 Cn,
1328 2178 1415 2219 conf.
1437 2181 1551 2210 tamen
1571 2176 1613 2210 ca
1625 2186 1706 2218 pay.

278 2237 345 2268 286
360 2233 448 2264 med.
475 2231 490 2270 11
516 2232 551 2262 44
576 2238 651 2262 rem
670 2237 713 2260 eoe
731 2237 768 2259 re
786 2230 976 2259 correctum
997 2225 1022 2258 C
1043 2225 1057 2266 ΙΙ
1083 2227 1122 2257 43
1142 2226 1190 2257 ita
1204 2224 1278 2265 fere
1290 2225 1455 2265 pergebat
1472 2224 1621 2262 (auctore
1635 2223 1707 2263 fere

280 2277 457 2317 Huschkio)
471 2277 594 2309 Gaius:
609 2283 737 2313 aeque
753 2270 758 2316 Ι
775 2281 831 2305 res
848 2273 967 2313 aliqua
982 2272 1066 2304 inde
1079 2270 1292 2302 sumebatur
1304 2269 1317 2312 {l
1332 2270 1466 2311 Gaium,
1478 2272 1658 2310 postquam
1667 2270 1707 2300 de

279 2324 487 2358 sacramenti
511 2323 641 2354 actione
666 2320 928 2359 disputationem
952 2319 997 2350 ad
1017 2319 1121 2359 finem
1142 2317 1379 2357 perduxisset,
1414 2317 1521 2356 eqisse
1550 2315 1590 2346 de
1623 2315 1707 2356 legis

280 2372 411 2403 actione
435 2377 522 2409 quae
537 2376 599 2407 per
615 2367 737 2398 iudicis
751 2365 1014 2406 postulationem
1032 2363 1147 2405 fiebat,
1175 2363 1294 2394 deinde
1319 2363 1358 2393 de
1375 2362 1458 2403 leqis
1474 2361 1606 2393 actione
1621 2368 1707 2400 qaae

277 2426 340 2456 per
364 2416 608 2447 condictionem
629 2412 747 2453 fiebat,
778 2411 946 2442 intellexit
974 2409 1145 2441 Goeschen
1171 2407 1186 2449 11
1216 2410 1256 2439 45
1283 2409 1319 2439 in
1342 2409 1415 2447 ipso
1439 2407 1535 2439 initio
1556 2407 1706 2446 paginae

280 2464 401 2494 codicis
437 2460 461 2492 C
493 2463 555 2491 195
588 2461 647 2489 aut
679 2456 766 2488 nihil
797 2459 857 2488 aut
887 2457 980 2487 enim
1013 2464 1076 2493 per
1106 2454 1340 2493 compendium
1374 2454 1540 2492 scriptum
1563 2451 1673 2483 extitit
1695 2448 1710 2492 l}

281 2511 321 2539 46
348 2504 421 2550 xxx]
445 2503 509 2537 xx‘?
539 2504 574 2545 C,
600 2503 687 2543 cons.
716 2502 757 2535 C¹²
778 2501 792 2542 11
817 2504 855 2533 47
882 2501 968 2541 cons.
998 2500 1054 2532 0⁴⁵
1076 2499 1090 2540 11
1113 2499 1324 2531 denuntiare
1350 2501 1403 2531 est
1431 2497 1466 2539 G,
1491 2498 1545 2528 est
1570 2497 1707 2528 denun-

280 2555 369 2585 tiare
395 2553 474 2583 Inst.
498 2551 512 2591 u
537 2553 577 2582 49
604 2553 704 2581 actor
732 2548 913 2588 Caeso-hen,
940 2549 1065 2579 auctor
1092 2545 1118 2578 C
1141 2545 1155 2585 ΙΙ
1178 2545 1414 2577 denuntiabat
1441 2542 1620 2583 Goeschen,
1646 2541 1706 2574 de-

282 2598 471 2630 nuntiebat
491 2596 603 2637 01120
631 2604 702 2626 non
729 2594 872 2635 proprie
900 2592 935 2633 C,
961 2592 1112 2624 abusiue
1137 2592 1219 2623 Inst.
1243 2590 1258 2631 ΙΙ
1281 2592 1406 2622 20-24
1438 2587 1706 2620 condictionem

283 2645 438 2676 dicimus
467 2642 502 2684 C,
535 2643 691 2673 dicimus
723 2639 990 2671 condictionem
1018 2638 1096 2669 Inst.
1123 2637 1137 2677 ΙΙ
1160 2639 1195 2667 24
1227 2634 1264 2678 (>
1289 2637 1417 2668 addidit
1443 2634 1638 2665 Lachmann
1663 2641 1707 2664 ex

285 2691 362 2721 Inst.
396 2689 409 2726 {l
442 2689 520 2720 dari
548 2688 638 2727 lust„
667 2687 700 2717 id
730 2685 755 2718 C
787 2686 800 2726 ΙΙ
834 2687 875 2716 22
903 2683 1000 2716 nulla
1030 2684 1124 2724 Insa,
1152 2682 1286 2714 nullam
1315 2681 1340 2714 C
1371 2681 1385 2722 ιΙ
1416 2681 1456 2712 27
1483 2679 1707 2721 potuerimus

287 2736 466 2775 Gocschen,
493 2733 648 2775 potuerit
675 2731 708 2764 C.

874 2065 939 2074 Ἂν»
942 2064 1074 2074 κὐνκκα.

1187 2060 1708 2073 κᾺΜΜΜΛΛκκΑΛΑΝ-κψ

582 2068 647 2077 xxx
651 2066 737 2076 xjx-vx.
