1892 3095
274 154 546 194 111§⁴56-460
797 175 895 180 —
958 150 1036 192 138
1095 173 1208 179 .—

275 283 322 318 ut
358 283 601 331 quaeratur,
644 289 695 316 an
735 275 917 315 mandati
956 280 1149 313 teneatur
1189 275 1260 326 qui
1290 274 1505 314 mandauit
1536 274 1627 326 tibi,
1667 280 1711 315 ut

275 336 376 374 Titio
428 336 645 387 pecuniam
697 334 947 372 faenerares.
1039 329 1143 381 [sed]
1198 332 1371 370 Seruius
1424 333 1591 383 negauit
1639 344 1711 371 nec

277 393 406 444 magis
445 392 521 431 hoc
562 403 660 430 casu
698 390 981 441 obligationem
1018 390 1242 427 consistere
1278 390 1460 439 putauit,
1499 387 1635 440 {quam
1676 390 1710 428 si

278 449 528 501 generaliter
558 448 680 486 alicui
711 445 943 495 mandetur,
976 446 1035 484 uti
1066 446 1284 496 pecuniam
1316 457 1434 484 suam
1465 444 1708 484 faeneraret.

280 504 393 558 <sed>
437 507 653 557 sequimur
694 503 834 543 Sabini
872 504 1104 553 opinionem
1155 507 1300 540 contra
1336 502 1567 552 sentientis,
1610 503 1743 554 quias

280 575 362 601 non
393 562 512 601 aliter
541 563 642 600 Titio
674 559 946 609 credidisses,
988 571 1113 611 quam
1146 560 1179 598 si
1210 557 1284 597 tibi
1315 558 1554 597 mandatum
1587 565 1709 598 esset.

187 619 391 660 ⁴57111ud
422 623 592 667 constat,
626 618 659 656 si
691 618 784 669 quis
817 616 869 655 de
901 628 949 655 ea
980 628 1025 655 re
1057 616 1236 665 mandet,
1271 627 1379 667 quae
1410 621 1550 654 contra
1580 615 1712 654 bonos

281 689 416 715 mores
445 675 459 726 ΙΙ
488 681 562 723 est,
595 686 678 713 non
709 674 890 712 contrahi
923 672 1235 724 obligationem,
1267 671 1400 710 ueluti
1431 673 1463 711 si
1495 671 1567 711 tibi
1598 685 1713 711 man·
1726 682 1856 720 pag.47

183 737 262 774 458
281 733 391 783 dem,
441 738 484 771 ut
523 732 623 769 Titio
664 731 821 770 furtum
860 734 930 769 aut
969 731 1159 768 iniuriam
1198 729 1334 767 facias.
1398 729 1499 768 Item
1543 730 1576 768 si
1614 728 1714 781 quid

279 795 370 842 post
392 794 564 827 mortem
588 799 721 826 meam
743 787 979 825 faciendum
1002 784 1139 839 <mihi>
1164 785 1399 836 mandetur,
1427 785 1572 824 inutile
1600 795 1767 824 man-40

281 847 423 886 datum
457 850 530 895 est,
564 846 660 897 quia
693 843 943 897 generaliter
971 843 1126 894 placuit
1147 842 1198 882 ab
1221 842 1387 882 heredis
1409 854 1587 893 persona
1610 842 1716 882 obli·

187 906 264 944 459
282 905 486 955 gationem
522 902 705 953 incipere
744 913 825 939 non
866 912 1002 951 posse.
1064 899 1147 939 Sed
1178 905 1291 938 recte
1323 911 1491 951 quoque
1523 911 1716 938 consum-

281 965 435 999 matum
472 958 711 997 mandatum
749 959 799 1009 si,
840 957 940 996 dum
979 956 1116 995 adhuc
1145 958 1303 1008 integra
1340 968 1406 995 res
1438 957 1505 1006 sit,
1544 968 1716 995 reuoca-

188 1021 264 1059 460
280 1023 368 1056 tum
400 1017 534 1066 fuerit,
569 1016 791 1054 euanescit.
840 1015 941 1052 Item
973 1015 1006 1052 si
1033 1013 1170 1052 adhuc
1199 1015 1358 1065 integro
1388 1012 1578 1052 mandato
1604 1024 1714 1051 mors

280 1075 522 1113 alterutrIus
560 1072 735 1111 alicuius
772 1072 1041 1120 interueniat,
1082 1070 1124 1108 id
1164 1075 1227 1109 est
1262 1069 1333 1108 uel
1374 1071 1462 1108 eius
1499 1071 1570 1121 qui
1601 1078 1769 1108 man-⁴5

281 1131 439 1170 dauerit
469 1129 539 1169 uel
572 1131 660 1168 eius
692 1130 759 1180 qui
791 1127 1030 1167 mandatum
1063 1128 1306 1178 susceperit,
1340 1126 1516 1166 soluitur
1544 1126 1716 1165 manda-

279 1194 380 1227 tum.
434 1186 509 1226 sed
541 1186 727 1225 utilitatis
759 1197 883 1224 causa
914 1189 1129 1235 receptum
1160 1188 1233 1233 est,
1267 1189 1313 1222 ut
1334 1185 1368 1222 si
1390 1189 1550 1222 mortuo
1573 1195 1621 1222 eo
1644 1184 1717 1235 qui

280 1245 378 1283 mihi
418 1243 681 1282 mandauerit
717 1244 911 1294 ignorans
951 1253 1047 1280 eum
1085 1240 1315 1279 decessisse
1354 1246 1555 1279 executus
1603 1240 1714 1279 fuero

280 1301 534 1350 mandatum,
566 1312 690 1351 posse
721 1312 786 1338 me
818 1311 942 1350 agere
974 1297 1156 1336 mandati
1187 1298 1363 1345 aetione3
1395 1296 1578 1349 alioquin
1609 1298 1716 1336 iusta

280 1364 321 1398 et
355 1357 586 1409 probabilis
624 1357 852 1408 ignorantia
902 1355 1098 1394 damnum
1139 1355 1237 1392 mihi
1277 1353 1475 1393 adferret.
1547 1359 1587 1394 et
1622 1354 1770 1392 huiceo

280 1414 412 1455 simile
450 1420 513 1454 est
550 1414 662 1466 quod
699 1413 912 1464 plerisque
943 1411 1118 1463 placuit,
1157 1412 1190 1450 si
1223 1410 1387 1450 debitor
1418 1423 1536 1450 meus
1572 1422 1718 1449 manu-

281 1474 406 1511 misso
448 1471 723 1522 dispensatori
762 1482 854 1509 meo
891 1481 967 1521 per
1007 1469 1278 1520 ignorantiam
1315 1467 1505 1519 soluerit,
1546 1467 1717 1506 liberari

282 1542 395 1579 eum,
440 1541 534 1567 cum
566 1528 748 1580 alioqum
781 1528 919 1566 stricta
950 1527 1051 1565 iuris
1084 1526 1241 1564 ratione
1272 1537 1353 1563 non
1385 1529 1522 1576 posset
1552 1524 1718 1564 liberari

1876 1145 1892 1290 -ᾈΗνε-..Ί
1876 1087 1892 1122 ’κ-
1879 1003 1892 1070 ’ςιὶ-
1879 856 1892 989 αι’-..ιι

1876 1503 1882 1516 ⁷
1878 1458 1886 1463 ¹
1876 1429 1880 1437 “
1874 1294 1892 1413 ΜΓΓ

1639 1633 1705 1641 Μ

515 1639 649 1649 mm

372 1699 391 1737 ἓ
420 1700 481 1729 459
514 1697 597 1728 inde
629 1695 674 1727 ab
707 1699 746 1726 ⁴2
780 1699 869 1729 recte
895 1708 935 1721 =
963 1696 1046 1726 Inst.
1076 1697 1105 1735 3,
1137 1697 1191 1735 26,
1224 1696 1241 1724 9
1272 1693 1285 1733 ΙΙ
1313 1694 1333 1733 ξ
1368 1696 1426 1724 460
1461 1693 1535 1725 fere
1562 1707 1602 1720 =
1628 1694 1713 1725 Inst.

283 1747 312 1785 3,
341 1746 392 1784 26,
419 1746 472 1775 4ο,

279 1833 357 1842 m
1504 1828 1717 1838 mxxwm

374 1904 386 1932 4
419 1903 585 1932 teneatur
620 1900 716 1941 Inst.,
748 1900 936 1930 teneantur
975 1898 999 1930 C
1030 1897 1044 1938 ΙΙ
1077 1900 1095 1928 2
1128 1897 1207 1938 nec]
1235 1895 1330 1929 non‘?
1361 1897 1422 1939 Cn,
1454 1897 1541 1937 conf.
1574 1897 1615 1930 Ca
1635 1907 1716 1939 pay.

281 1951 347 1982 280
381 1948 439 1986 inf.
469 1946 483 1986 ΙΙ
513 1949 529 1977 3
564 1944 831 1986 obligationem]
866 1944 1063 1984 obligatum
1099 1943 1137 1984 C,
1170 1943 1255 1983 conf.
1293 1942 1333 1974 Ca
1361 1953 1441 1983 pay.
1466 1946 1533 1975 505
1557 1952 1648 1975 uers.
1673 1947 1718 1977 26

281 1997 311 2025 et
342 2001 433 2024 uer-s.
469 1996 490 2025 2
522 1991 536 2031 ΙΙ
571 1994 588 2022 5
627 1990 691 2023 sed
728 1999 791 2022 om.
827 1990 851 2022 C
887 1989 901 2030 ΙΙ
939 1991 1061 2021 contra
1101 1989 1287 2020 sentientis
1320 1989 1524 2030 Mommsen,
1565 1997 1717 2021 consen-

282 2039 403 2070 tientis
439 2037 464 2070 C
491 2038 505 2077 11
533 2037 616 2077 quia
651 2037 748 2076 Inst.;
780 2038 963 2075 incertum,
992 2037 1111 2066 utrum
1141 2034 1239 2074 quod
1270 2043 1316 2065 an
1346 2035 1430 2074 quia
1455 2035 1603 2066 uoluerit
1639 2033 1683 2066 C¹²
1706 2033 1719 2075 ΙΙ

283 2087 300 2115 8
339 2082 559 2114 contratrahi
604 2081 646 2113 Cn
687 2082 700 2122 ΙΙ
738 2081 767 2112 si
805 2080 869 2112 tibi
915 2080 1102 2117 Goeschen,
1149 2079 1247 2111 tisibi
1292 2079 1316 2111 C
1352 2079 1367 2120 11
1406 2082 1503 2111 8-9
1546 2080 1714 2111 mandem

285 2130 472 2169 Goeschen,
506 2128 720 2159 mandemus
756 2126 780 2159 C
811 2126 824 2166 11
858 2129 875 2156 9
908 2127 970 2157 aut
1006 2125 1191 2167 Goeschen,
1231 2127 1350 2156 autem
1389 2125 1413 2157 C
1445 2125 1458 2165 ΙΙ
1491 2125 1575 2165 quid
1609 2125 1717 2156 Lach-

280 2184 402 2216 mann,
434 2174 517 2214 quis
546 2172 570 2205 C
602 2173 616 2212 u
651 2176 688 2203 40
721 2180 785 2213 pos
815 2172 839 2203 C
871 2171 885 2212 ΙΙ
918 2172 1004 2203 mihi
1037 2172 1096 2202 hoc
1127 2172 1198 2202 loco
1226 2172 1356 2202 addidit
1386 2170 1541 2202 Huschke
1572 2169 1586 2210 ΙΙ
1620 2179 1718 2202 man-

282 2220 389 2252 detur
430 2219 645 2259 Lachmann,
691 2217 837 2249 mandet
881 2217 905 2249 C
942 2217 955 2256 ΙΙ
998 2218 1128 2247 42-43
1172 2220 1461 2248 consummatum
1508 2216 1716 2247 mandatum

287 2265 472 2306 Goeschen,
509 2266 784 2295 consummatur
815 2262 1025 2294 mandatum
1056 2261 1095 2303 C,
1133 2262 1345 2293 mandatum
1377 2263 1599 2293 contractum
1636 2262 1716 2293 lust.

289 2313 442 2350 (rectius;
477 2318 559 2340 nam
597 2317 850 2341 consummare
895 2308 1102 2339 mandatum
1147 2310 1196 2339 est
1238 2307 1377 2347 exequi)
1417 2306 1431 2347 ΙΙ
1471 2308 1510 2338 44
1550 2307 1716 2338 mandato

283 2357 380 2398 Inse.,
412 2355 620 2387 mandatum
655 2353 680 2386 G
710 2354 722 2394 ΙΙ
757 2356 796 2384 45
830 2354 984 2385 alicuius
1012 2352 1051 2393 C,
1088 2361 1154 2385 om.
1192 2353 1271 2383 Inst.
1311 2353 1423 2384 anullo
1453 2351 1672 2392 probabilius)
1705 2350 1718 2393 ΙΙ

285 2403 416 2433 45-46
443 2400 668 2432 mandauerit
694 2400 791 2439 Insa,
823 2399 1003 2430 mandarit
1031 2398 1055 2430 C
1085 2398 1098 2437 ΙΙ
1132 2400 1172 2428 46
1199 2399 1260 2438 qui
1288 2398 1387 2439 Inst.,
1420 2398 1478 2429 cui
1509 2397 1534 2430 C
1563 2397 1577 2437 ΙΙ
1610 2399 1650 2428 47
1677 2401 1716 2429 ut

284 2449 312 2478 si
350 2446 375 2479 C
405 2449 436 2478 et
467 2446 548 2477 Inst.
579 2447 656 2477 libri
685 2444 855 2485 nonnulli,
892 2445 922 2475 si
956 2445 1038 2475 Inst.
1071 2444 1148 2475 libri
1177 2444 1238 2474 alii
1269 2443 1282 2484 ΙΙ
1316 2446 1356 2474 48
1393 2442 1494 2475 fuero
1531 2442 1714 2480 Goeschen,

284 2493 363 2524 suro
399 2491 424 2524 C
453 2490 468 2532 11
502 2494 540 2522 49
574 2499 678 2532 posse
706 2499 763 2521 me
798 2489 823 2522 C
853 2489 952 2530 Inst.,
982 2497 1125 2530 possem
1160 2488 1398 2529 Gradenwitz,
1429 2488 1515 2528 conf.
1545 2490 1657 2519 tamen
1684 2491 1714 2529 a,

286 2542 324 2569 61
358 2541 388 2569 et
421 2538 617 2568 Lachmann
646 2537 690 2567 ad
719 2536 749 2566 h.
786 2536 806 2566 l.
840 2535 854 2576 ΙΙ
887 2537 927 2566 20
963 2533 1118 2566 adferret
1158 2534 1343 2574 Goeschen,
1382 2543 1451 2565 non
1490 2532 1616 2565 atseret
1656 2533 1712 2566 Cn.

285 2583 408 2614 afferat
443 2583 522 2614 Inst.
554 2583 693 2623 (codices
726 2582 910 2613 deteriores
942 2583 1002 2611 aut
1034 2579 1156 2611 afferet
1190 2583 1249 2610 aut
1282 2578 1435 2619 afferret)
1474 2579 1488 2619 ΙΙ
1529 2581 1564 2609 Ξ4
1602 2576 1716 2622 quod]

284 2628 370 2667 cons.
406 2627 448 2659 Ca
475 2637 554 2668 pay.
585 2631 651 2660 ,⁶294
684 2635 773 2658 uers.
805 2630 848 2660 25
889 2626 903 2666 ΙΙ
941 2625 1123 2667 plerisque
1165 2624 1204 2665 C,
1241 2633 1304 2656 om.
1339 2625 1418 2656 [nst.
1460 2625 1473 2663 ll
1514 2626 1554 2654 23
1593 2628 1716 2664 posset

287 2673 467 2713 Goeschcn,
494 2677 639 2714 possent
669 2672 703 2705 C.
