1892 3095
253 134 538 173 1115198—202
750 157 863 163 —--
925 134 1002 174 148
1063 158 1174 163 —-

252 271 303 298 an
340 259 451 298 serui
483 262 667 311 corrupte¹
704 259 851 298 iudicio
885 264 1077 299 teneatur
1107 261 1233 300 Titius
1272 262 1386 312 mihi,
1428 274 1478 301 an
1515 268 1676 302 neutro.

252 328 499 368 responsum
531 322 678 356 neutro
715 329 810 355 eum
841 317 990 367 teneri,
1034 317 1131 356 furti
1168 317 1261 356 ideo
1293 318 1406 370 quod
1437 331 1518 358 non
1549 320 1677 358 inuito

252 386 318 412 me
362 385 430 413 res
475 374 811 424 contrectauert't,
858 375 970 412 serui
1006 375 1189 426 corrupti
1224 374 1317 414 ideo
1355 376 1464 428 quod
1499 376 1679 416 deterior

160 440 237 479 499
253 443 403 470 seruus
441 431 572 471 sactus
609 443 689 470 non
721 435 794 470 est.
857 430 1070 470 Interdum
1108 436 1246 470 autem
1289 433 1412 471 etiam
1448 432 1678 473 liberorum

251 489 462 528 hominum
501 489 656 527 furtum
698 487 761 539 fit,
811 487 940 527 ueluti
980 489 1014 528 si
1052 490 1145 540 quis
1183 488 1412 528 liberorum
1443 494 1710 534 nostrorum5

253 546 323 598 qui
355 547 395 584 in
426 550 629 597 potestate
660 549 799 583 nostra
832 545 924 596 sint,
956 546 1045 584 siue
1077 546 1199 585 etiam
1231 558 1337 585 uxor
1363 548 1532 599 quaein
1554 559 1680 587 manu

252 607 392 642 nostra
425 604 493 653 sit,
533 603 621 641 siue
660 603 779 641 etiam
813 601 1019 642 iudicatus
1056 603 1126 642 uel
1158 608 1395 643 auctoratus
1427 617 1545 644 meus
1577 604 1680 644 sub-

157 664 396 711 200reptus
430 659 568 711 fuerit.
630 657 866 711 Aliquando
903 661 1024 699 etiam
1064 672 1163 699 suae
1202 661 1264 700 rei
1303 662 1482 714 quisque
1521 661 1677 701 furtum

253 718 481 767 committit,
525 715 658 755 ueluti
700 717 734 755 si
777 716 941 756 debitor
981 729 1069 756 rem
1113 729 1235 770 quam
1281 718 1479 758 creditori
1517 719 1678 771 pignori

253 774 368 813 dedit
398 773 667 824 subtraxerit,
699 772 766 812 uel
799 775 833 812 si
864 773 998 813 bonae
1031 774 1128 813 fidei
1158 776 1391 826 possessori
1418 787 1506 815 rem
1544 788 1732 818 meamio

251 830 479 883 possidenti
502 830 800 882 subripuerim.
836 830 948 870 unde
969 830 1125 882 placuit
1145 844 1253 883 eum,
1278 833 1349 885 qui
1371 845 1540 872 seruum
1556 845 1678 872 suum

252 901 376 940 quem
408 887 514 927 alius
546 887 655 927 hona
686 887 768 928 fide
799 887 1044 940 possidebat
1073 888 1125 928 ad
1157 901 1201 929 se
1223 901 1446 930 reuersum
1467 889 1679 941 celauerit,

155 957 228 996 201
251 945 408 984 furtum
447 946 713 985 committere.
785 946 942 985 Rursus
979 958 1032 985 ex
1071 945 1239 986 diuerso
1279 947 1485 987 interdum
1523 947 1679 986 alienas

250 1015 319 1042 res
365 1014 569 1054 occupare
616 1007 657 1042 et
691 1015 926 1055 usucapere
964 1015 1207 1043 concessum
1253 1009 1326 1056 est,
1371 1017 1449 1044 nec
1494 1003 1679 1044 creditur

249 1060 406 1099 furtum
439 1060 540 1111 fleri,
572 1059 703 1099 ueluti
734 1072 802 1099 res
834 1059 1118 1112 hereditarias,
1152 1073 1329 1113 quarum
1360 1062 1482 1102 heres
1513 1074 1596 1101 non
1618 1065 1733 1104 estis

248 1122 394 1156 nactus
426 1118 746 1169 possessionem,
778 1118 857 1157 nisi
887 1119 1150 1158 necessarius
1172 1119 1295 1158 heres
1318 1123 1450 1169 extet3
1481 1131 1576 1158 nam
1606 1131 1680 1158 ne-

250 1175 429 1214 cessario
467 1174 625 1214 herede
665 1179 830 1215 extante
866 1174 1023 1227 placuit
1061 1175 1163 1214 nihil
1200 1188 1275 1227 pro
1312 1175 1468 1216 herede
1504 1177 1680 1227 usucapi

248 1244 382 1284 posse.
443 1232 535 1271 item
580 1231 745 1271 debitor
788 1244 891 1283 rem,
939 1244 1063 1285 quam
1109 1232 1286 1272 fiduciae
1324 1245 1449 1272 causa
1485 1232 1680 1272 creditori

249 1289 550 1341 mancipauerit
592 1294 664 1328 aut
707 1290 748 1328 in
793 1291 882 1328 iure
928 1291 1112 1342 cesserIt,
1158 1290 1381 1330 secundum
1420 1302 1469 1330 ea
1499 1291 1680 1343 quaein

250 1348 466 1398 superiore
503 1347 796 1386 commentario
832 1347 1088 1399 rettulimus,
1130 1348 1219 1387 sine
1250 1347 1360 1387 furto
1391 1347 1609 1400 possidere
1640 1351 1680 1387 et
1692 1358 1731 1387 20
1761 1347 1765 1350 ”

154 1414 234 1454 202
249 1415 483 1456 usucapere
515 1408 662 1455 potest.
725 1403 939 1443 Interdum
976 1404 1074 1444 furti
1110 1409 1275 1444 tenetur
1304 1406 1374 1458 qui
1400 1406 1490 1457 ipse
1521 1405 1678 1444 furtum

248 1474 331 1500 non
361 1461 524 1512 fecerit,
558 1461 693 1514 qualis
730 1460 745 1514 ΙΙ
783 1466 846 1501 est
875 1462 994 1501 cuius
1026 1474 1104 1513 ope
1135 1462 1306 1501 consilio
1337 1462 1495 1502 furtum
1525 1462 1678 1502 factum
1692 1478 1768 1512 pag.
1789 1472 1846 1502 484
1878 1498 1892 1523 ·:

249 1524 322 1559 est.
355 1520 397 1558 in
415 1531 496 1571 quo
513 1531 688 1558 numero
712 1523 775 1558 est
795 1520 866 1572 qui
887 1531 1079 1559 nummos
1100 1519 1174 1559 tibi
1197 1521 1391 1572 excussit,
1412 1525 1459 1560 ut
1480 1531 1550 1560 eos
1573 1519 1679 1559 alius

247 1653 312 1664 Μ
317 1653 755 1664 κκκνᾺΛΝκἋκΝνκκκκ-»κκ
759 1654 956 1664 κκκκ-κκκκκκκ
960 1655 998 1664 xxx
1005 1656 1023 1665 κ
1027 1655 1041 1663 >x
1048 1655 1111 1665 xxx
1115 1655 1290 1665 «amm-xx
1294 1657 1312 1665 x
1318 1656 1329 1664 x
1338 1656 1352 1664 Α»
1362 1656 1401 1666 xx
1405 1655 1679 1666 κηικκκκκκκκκννκν

339 1735 359 1774 ἓ
385 1736 448 1766 499
481 1734 554 1767 fere
579 1748 620 1762 =
647 1736 730 1767 lust.
758 1735 792 1776 4,
821 1737 856 1775 4,
887 1737 903 1766 9
936 1734 948 1778 ss
978 1736 998 1775 ἓ
1024 1738 1086 1767 200
1119 1743 1235 1776 usque
1259 1735 1303 1768 ad
1331 1738 1370 1768 40
1398 1736 1611 1768 subtraxerit
1636 1749 1677 1763 =

249 1781 333 1812 Inst.
360 1782 392 1821 ⁴,
421 1782 451 1820 4,
482 1782 522 1812 40
563 1779 575 1822 ΙΙ
613 1780 633 1820 ξ
659 1782 718 1812 204
750 1782 786 1812 in
811 1783 988 1821 superiore
1014 1780 1266 1823 commentario]
1293 1783 1330 1823 2,
1357 1783 1409 1814 59.
1437 1784 1477 1813 60
1517 1778 1529 1826 fl
1567 1782 1587 1822 ξ
1614 1784 1677 1814 ΞΟΞ

248 1835 364 1868 usque
389 1826 432 1858 ad
459 1828 536 1867 449,
568 1829 584 1857 6
611 1826 728 1860 debeat
753 1825 826 1858 fere
854 1840 894 1854 =
921 1827 1005 1861 Inst.
1026 1829 1057 1867 4,
1087 1829 1116 1867 4,
1148 1829 1200 1859 44.

247 1938 283 1948 vx
287 1938 394 1948 κὐκκ-υκ
398 1939 571 1949 vvvxlvvvx,
577 1940 591 1948 κ
597 1939 1138 1949 υκωνν-νυ-ννιννννκκυκνυννκνκανκ
1142 1939 1379 1949 κωνκΜ-»κπ
1384 1939 1599 1950 xxvmm
1603 1941 1622 1950 κ
1626 1940 1679 1952 W

340 2034 352 2064 4
385 2034 546 2075 corrupti
576 2032 711 2065 iudicio
744 2033 842 2074 lust„
881 2032 1240 2074 corruptioiudicium
1275 2032 1300 2065 C
1338 2031 1351 2075 ΙΙ
1392 2035 1555 2066 teneatur
1586 2034 1677 2076 lust„

248 2080 366 2111 teneat
394 2077 420 2111 C
448 2076 460 2122 ss
491 2081 508 2110 3
535 2079 769 2111 contrectat-it
793 2079 1002 2120 Lachmann,
1034 2080 1277 2111 contrectaret
1304 2078 1329 2111 C
1358 2077 1371 2121 ΙΙ
1401 2079 1581 2121 corruspti
1611 2080 1679 2119 (sed

248 2127 420 2164 eoepuncta
445 2134 461 2156 s
488 2124 613 2165 littera)
642 2124 668 2157 C
704 2124 717 2167 ΙΙ
759 2126 776 2156 l·
805 2127 858 2156 est
886 2124 921 2162 C,
947 2125 993 2156 sit
1013 2124 1165 2157 Huschke
1203 2122 1216 2166 ΙΙ
1257 2127 1377 2156 autem
1407 2123 1442 2164 G,
1472 2133 1534 2157 om.
1562 2125 1643 2158 Inst.
1666 2123 1679 2168 ΙΙ

248 2171 355 2202 etiam
387 2171 485 2211 Inst.,
521 2173 556 2202 et
583 2169 609 2203 C
646 2168 659 2213 ΙΙ
699 2173 716 2201 6
750 2170 833 2211 sint]
869 2173 929 2202 aut
959 2179 976 2202 s
1011 2169 1036 2202 C
1066 2173 1125 2202 aut
1160 2171 1244 2203 sunt
1278 2169 1324 2202 Cn
1356 2173 1385 2202 et
1416 2171 1571 2202 nonnulli
1596 2171 1678 2204 Inst.

247 2216 358 2256 codd.,
395 2217 441 2247 sit
469 2216 626 2248 meliores
657 2216 738 2248 Inst.
770 2216 862 2247 codd.
902 2213 914 2257 ΙΙ
955 2217 973 2247 7
1008 2218 1127 2247 nostra
1160 2225 1204 2247 ex
1237 2218 1376 2248 nostras
1402 2220 1591 2249 correctum
1618 2216 1644 2250 G
1665 2215 1679 2260 ΙΙ

249 2262 429 2293 iudicatus
473 2261 514 2301 C,
558 2261 788 2294 adiudicatus
829 2261 984 2292 Huschke
1024 2261 1120 2302 (conf.
1163 2262 1182 2301 ξ
1212 2262 1284 2301 189)
1323 2258 1336 2305 Η
1375 2264 1393 2294 8
1436 2261 1544 2294 fuerit
1585 2262 1677 2304 Insa,

248 2304 374 2348 queri?
404 2306 429 2339 C
459 2307 527 2345 (sed
551 2310 704 2339 correcta
727 2308 841 2346 prima
866 2307 988 2347 littera)
1029 2305 1042 2349 ΙΙ
1081 2307 1190 2339 etiam
1219 2306 1255 2345 C,
1283 2310 1402 2339 autem
1428 2309 1536 2340 etiam
1563 2308 1641 2340 Inst.
1665 2306 1678 2350 ΙΙ

249 2361 335 2385 suae
362 2353 458 2393 Inst,
484 2360 544 2385 sae
573 2352 598 2386 C
620 2351 632 2393 Η
663 2355 681 2384 9
707 2361 814 2394 quarn
843 2352 937 2392 Inst„
966 2361 1057 2393 quae
1085 2351 1130 2384 Cn
1159 2351 1172 2395 ΙΙ
1204 2352 1370 2385 creditori
1397 2353 1494 2394 lust„
1521 2352 1678 2385 creditor

252 2397 277 2429 C
311 2396 324 2440 ΙΙ
358 2399 498 2439 pignori
527 2397 563 2438 G,
590 2399 750 2440 pignoris
777 2406 883 2430 causa
911 2398 990 2430 lust.
1030 2396 1042 2440 ΙΙ
1082 2400 1122 2430 40
1150 2399 1177 2430 si
1207 2398 1388 2440 Goeschen‚
1415 2402 1475 2431 aut
1499 2400 1535 2430 et
1558 2401 1618 2430 aut
1643 2399 1675 2430 ci

252 2443 276 2475 C
305 2442 317 2485 ΙΙ
348 2446 383 2475 44
416 2444 611 2485 possidenti
636 2446 671 2476 in
699 2443 724 2477 C
749 2453 792 2476 θα)
815 2444 1016 2483 ,(ιῐοεεθτηατε
1045 2445 1209 2483 irrepisse
1233 2445 1431 2484 suspicatur
1457 2445 1642 2476 Mommsen
1672 2441 1677 2485 Ι

248 2498 392 2521 sci-uum
422 2489 604 2530 Goeschen,
632 2490 778 2522 serdum
809 2489 834 2522 C
857 2487 870 2532 ΙΙ
894 2491 934 2520 43
963 2489 1143 2521 interdum
1173 2489 1360 2528 Goeschen,
1388 2489 1568 2522 inestdum
1596 2488 1641 2522 Cn
1672 2488 1677 2531 Ι

249 2537 291 2566 46
329 2535 414 2575 conf.
444 2534 500 2567 Cas
541 2534 553 2579 ΙΙ
593 2538 634 2567 47
673 2536 815 2568 extante
851 2535 1035 2576 Goeschen‚
1068 2537 1183 2567 extate
1218 2535 1243 2567 C
1282 2532 1294 2578 fl
1334 2538 1376 2567 48
1412 2543 1527 2577 posse.
1577 2535 1675 2577 item]

248 2580 362 2620 possit
389 2579 414 2613 C
451 2579 463 2623 ΙΙ
504 2584 545 2613 49
571 2580 785 2623 secundum]
811 2580 896 2613 dum
926 2579 951 2612 C
989 2579 1000 2619 ΙΙ
1040 2583 1078 2611 24
1111 2581 1171 2622 qui
1198 2581 1290 2621 Inst„
1317 2590 1397 2612 cnm
1427 2579 1453 2612 C
1489 2578 1502 2623 ΙΙ
1541 2582 1582 2611 22
1609 2589 1675 2622 ope

252 2625 288 2664 C,
325 2635 391 2666 ope
417 2628 451 2657 et
477 2627 556 2659 Inst.
589 2627 602 2667 ΙΙ
635 2630 675 2658 23
710 2635 878 2659 nummos
903 2625 968 2658 tibi
997 2625 1031 2668 C,
1059 2625 1124 2658 tibi
1150 2635 1318 2659 nummos
1345 2627 1425 2658 inst.
1456 2623 1468 2667 ΙΙ
1498 2634 1558 2658 eos
1584 2626 1674 2658 alius

252 2670 288 2711 C,
318 2671 409 2703 alius
434 2681 496 2704 eos
522 2674 602 2705 [nst.
