1918 3110
666 211 779 217 ———
838 190 886 228 51
949 211 1061 218 -τ
1352 190 1576 230 11§3o—35

147 319 234 353 tem
265 313 445 352 retineat.
507 313 596 364 ipse
628 313 964 352 usufructuarius
995 314 1036 352 in
1067 314 1158 351 iure
1190 312 1378 352 cedendo
1411 313 1576 353 domino

149 371 411 422 proprietatis
442 370 751 409 usumfructum
789 369 936 420 efficit,
975 375 1021 408 ut
1059 381 1082 408 a
1113 382 1156 409 se
1190 370 1375 409 discedat
1413 376 1452 409 et
1483 384 1579 409 con—

149 432 338 466 uertatur
374 428 414 466 in
445 428 764 478 proprietatem3
805 426 873 465 alii
904 438 1006 465 uero
1037 428 1077 465 in
1109 428 1199 466 iure
1232 426 1419 465 cedendo
1451 428 1577 466 nihilo

150 486 286 522 minus
327 485 391 522 ius
430 496 550 522 suum
591 485 759 533 retinet;
804 483 990 522 creditur
1029 485 1138 522 enim
1181 496 1229 523 ea
1261 485 1446 523 cessione
1477 485 1577 522 nihil

84 540 225 592 34agi.
287 540 371 579 Sed
414 541 516 579 haec
563 540 717 579 scilicet
759 541 800 579 in
832 540 979 578 Italicis
1012 540 1193 591 praediis
1225 542 1279 579 ita
1320 546 1435 591 sunt,
1482 543 1611 593 quia5

151 603 191 636 et
226 598 317 648 ipsa
354 598 525 648 praedia
562 599 904 649 mancipationem
934 597 948 646 11
981 603 1021 635 et
1059 599 1100 636 in
1130 598 1219 636 iure
1252 599 1482 637 cessionem
1513 610 1579 636 re-
1594 614 1669 646 pag.
1689 607 1730 636 62

149 655 317 704 cipiunt.
397 654 578 706 alioquin
637 655 677 692 in
728 654 1053 705 prouincialibus
1105 654 1288 705 praediis
1342 656 1432 693 siue
1484 656 1578 707 quz's

149 712 456 750 usumfructum
494 712 582 750 siue
623 711 687 750 ius
720 710 847 750 eundi
877 710 1027 762 agendi
1057 723 1264 763 aquamue
1297 711 1477 751 ducendi
1508 712 1578 750 uel

149 768 273 807 altius
303 768 474 806 tollendi
505 767 631 806 aedes
663 773 734 806 aut
763 780 845 806 non
876 767 1068 819 tollendi,
1109 780 1162 807 ne
1193 767 1422 807 luminibus
1454 769 1577 807 uicini

149 825 369 876 officiatur,
408 830 629 876 ceteraque
669 825 817 863 similia
853 825 942 863 iura
982 826 1233 864 constituere
1265 825 1385 876 uelit,
1424 827 1632 877 pactio-io

149 882 273 921 nibus
314 887 354 921 et
395 881 731 933 stipulationibus
772 881 813 920 id
853 882 1018 920 efficere
1058 886 1212 933 potest,
1262 884 1358 933 quia
1399 895 1450 922 ne
1486 884 1575 934 ipsa

151 938 321 990 quidem
351 938 523 989 praedia
554 939 896 990 mancipationem
930 944 1002 977 aut
1033 935 1116 991 (m)
1149 940 1239 978 iure
1263 940 1493 978 cessionem
1514 952 1580 979 re-

84 996 135 1034 32
151 997 315 1046 cipiunt.
379 995 461 1034 Sed
492 1008 585 1034 cum
632 995 898 1034 ususfructus
943 1000 982 1034 et
1018 995 1230 1034 hominum
1270 1001 1310 1034 et
1346 1001 1579 1036 ceterorum

149 1052 389 1091 animalium
440 1053 630 1091 constitui
680 1054 829 1104 possit,
881 1052 1126 1104 intellegere
1179 1052 1383 1092 debemus
1433 1054 1579 1092 horum

149 1109 456 1148 usumfructum
504 1110 625 1148 etiam
671 1111 711 1148 in
757 1111 981 1161 prouinciis
1027 1121 1103 1161 per
1140 1111 1181 1148 in
1219 1111 1310 1148 iure
1349 1112 1635 1149 cessionem45

83 1166 133 1205 33
150 1167 340 1205 constitui
370 1178 507 1218 posse.
560 1166 675 1212 Quod
707 1171 843 1205 autem
876 1166 1056 1205 diximus
1088 1167 1395 1206 usumfructum
1427 1169 1466 1206 in
1490 1169 1579 1206 iure

148 1224 376 1262 cessionem
406 1227 564 1262 tantum
595 1224 800 1275 recipere,
832 1236 914 1262 non
946 1228 1009 1262 est
1037 1228 1195 1262 temere
1227 1223 1399 1276 dictum,
1434 1237 1582 1276 quam-

148 1281 211 1318 uis
249 1281 369 1318 etiam
410 1292 487 1331 per
525 1282 869 1331 mancipationem
906 1282 1097 1320 constitui
1126 1282 1258 1332 possit
1289 1294 1354 1332 eo,
1394 1281 1507 1333 quod
1539 1283 1580 1320 in

149 1336 422 1388 mancipanda
452 1338 703 1388 proprietate
737 1337 897 1376 detrahi
927 1343 1080 1389 potest3
1112 1350 1193 1376 non
1216 1339 1324 1376 enim
1346 1339 1436 1389 ipse
1460 1350 1580 1377 usus-

149 1394 309 1432 fructus
355 1395 634 1445 mancipatur,
677 1394 750 1433 sed
797 1407 891 1433 cum
936 1396 975 1433 in
1018 1395 1291 1445 mancipanda
1328 1396 1634 1446 proprietate20

151 1450 402 1500 deducatur,
446 1463 494 1489 eo
535 1451 580 1489 fit
608 1455 655 1490 ut
685 1452 796 1503 apud
827 1451 953 1490 alium
984 1452 1269 1502 ususfructus,
1310 1452 1423 1503 apud
1455 1452 1580 1491 alium

150 1509 380 1559 proprietas
414 1508 475 1546 sit.

84 1564 134 1602 34
264 1564 480 1603 Hereditas
528 1576 696 1616 quoque
742 1565 783 1603 in
827 1566 918 1604 iure
958 1565 1187 1604 cessionem
1226 1570 1387 1604 tantum
1422 1567 1579 1616 recipit.

84 1622 244 1660 35nam
290 1622 323 1660 si
369 1622 420 1673 is,
467 1620 520 1659 ad
566 1633 691 1673 quem
737 1621 789 1660 ab
827 1622 1015 1661 intestato
1053 1621 1234 1673 legitimo
1273 1623 1364 1661 iure
1402 1624 1583 1674 pertinet

150 1677 377 1729 hereditas,
419 1678 457 1716 in
498 1679 587 1717 iure
627 1690 717 1717 eam
754 1678 822 1717 alii
863 1683 956 1718 ante
993 1678 1216 1717 aditionem
1259 1678 1399 1729 cedat,
1438 1679 1481 1718 id
1519 1685 1582 1718 est
1597 1689 1637 1717 25

150 1740 372 1787 antequam
403 1735 525 1774 heres
564 1736 764 1786 extiterit,
809 1735 983 1786 proinde
1022 1735 1067 1774 fit
1102 1736 1224 1775 heres
1255 1737 1289 1774 is
1322 1737 1387 1775 cui
1418 1737 1459 1775 in
1489 1738 1579 1775 iure

150 1793 336 1843 cesserit,
369 1804 416 1830 ac
446 1792 479 1831 si
509 1793 599 1843 ipse
630 1804 706 1843 per
729 1792 865 1845 legem
886 1792 940 1832 ad
961 1792 1234 1832 hereditatem
1256 1798 1430 1832 uocatus
1453 1800 1578 1842 esset,

150 1853 244 1900 post
274 1848 567 1900 obligationem
599 1861 701 1888 uero
733 1851 767 1887 si
789 1851 968 1901 cesserit,
1001 1849 1127 1888 nihilo
1149 1851 1286 1889 minus
1308 1851 1397 1901 ipse
1420 1851 1435 1901 ΙΙ
1458 1851 1580 1889 heres
1595 1865 1672 1898 pag.
1692 1859 1732 1888 63

149 1911 366 1958 permanet
398 1911 437 1944 et
468 1905 520 1944 ob
553 1906 593 1945 icl
624 1905 901 1946 creditoribus
932 1906 1155 1956 tenebitur,
1191 1906 1331 1945 debita
1363 1919 1464 1946 uero
1485 1920 1581 1958 per-

152 1968 251 2002 eunt
281 1975 414 2014 eoque
446 1962 567 2002 modo
600 1962 810 2002 debitores
841 1963 1080 2002 hereditarii
1101 1963 1265 2002 lucrum
1288 1964 1460 2013 faciunt,
1493 1976 1582 2002 cor·
1597 1973 1636 2002 30

150 2031 248 2070 pora
290 2032 389 2058 uero
428 2021 517 2058 eius
556 2019 797 2058 hereditatis
834 2019 1010 2071 proinde
1046 2025 1263 2059 transeunt
1299 2020 1352 2059 ad
1390 2033 1483 2059 eum
1516 2022 1582 2059 cui

151 2088 265 2115 cessa
299 2081 361 2115 est
391 2076 613 2127 hereditas,
647 2088 694 2114 ac
725 2077 758 2115 si
790 2078 827 2114 ei
858 2076 1022 2129 singula
1052 2078 1094 2115 in
1124 2078 1213 2116 iure
1246 2089 1365 2116 cessa
1392 2078 1579 2117 fuissent.

1171 2188 1375 2198 mvxxxxxx*

241 2249 252 2276 4
286 2244 447 2285 retineat]
474 2245 558 2284 conf.
582 2245 624 2276 Ca
641 2242 653 2285 ΙΙ
679 2246 695 2275 4
722 2252 829 2276 suum
855 2245 984 2276 retinet
1015 2245 1196 2287 Goescten,
1223 2255 1304 2278 sum
1328 2248 1503 2279 retinetur
1533 2244 1584 2287 ΟΙΙ

150 2294 168 2323 7
194 2292 275 2333 quis
304 2292 484 2331 Goeschen,
510 2299 577 2331 qus
607 2290 631 2321 C
655 2287 667 2331 Η
693 2292 731 2320 40
759 2289 915 2333 simi-{lia
943 2290 968 2323 C
989 2289 1001 2333 ΙΙ
1026 2293 1060 2322 44
1094 2292 1374 2332 sipulationibus
1404 2293 1428 2325 C
1457 2291 1469 2335 ΙΙ
1498 2293 1583 2333 quia

149 2362 156 2369 .
172 2361 202 2368 ..
230 2339 270 2368 42
304 2338 482 2377 recipiunt
506 2337 701 2375 ylossemaci
726 2337 887 2368 adscribit
912 2337 1015 2368 Rabel
1044 2334 1056 2378 ΙΙ
1081 2339 1122 2368 42
1158 2338 1193 2369 in
1220 2339 1349 2370 addidit
1378 2338 1547 2369 Goeschen
1573 2336 1584 2377 ΙΙ

149 2383 328 2423 recipiunt
357 2382 537 2423 Goeschen,
564 2382 785 2422 recipiuntur
814 2381 837 2413 C
853 2382 864 2422 Η
888 2384 928 2413 43
948 2382 1010 2413 sed
1041 2382 1221 2424 Goeschen,
1247 2386 1282 2415 et
1311 2383 1336 2416 C
1358 2381 1370 2425 Η
1392 2384 1580 2415 hominum

149 2438 192 2460 eae
228 2429 410 2460 hominem
453 2430 643 2459 correctum
687 2426 725 2458 C1
764 2425 776 2468 ΙΙ
817 2429 856 2458 44
898 2428 1028 2459 horum
1067 2428 1255 2469 Goeschen,
1295 2430 1475 2460 honorum
1517 2428 1542 2461 C
1573 2436 1584 2470 μ

150 2476 190 2504 46
216 2474 325 2515 quod]
358 2482 466 2514 quarn
497 2471 565 2503 Css‘?
598 2473 685 2512 conf.
720 2472 762 2504 Ca
776 2482 856 2513 pay.
884 2475 946 2504 294
973 2472 984 2515 ΙΙ
1010 2476 1049 2504 47
1077 2475 1245 2514 quamuis
1274 2475 1460 2515 Goeschen,
1486 2475 1581 2516 quod

154 2524 195 2554 iis
224 2522 268 2555 C¹1
300 2522 315 2563 11
348 2525 385 2554 24
415 2525 455 2553 ut
486 2521 580 2562 apud
610 2520 790 2563 Goeschen,
815 2525 854 2554 ut
880 2524 1006 2564 aputut
1027 2522 1052 2555 C
1075 2521 1086 2563 Ι]
1112 2525 1153 2554 25
1181 2523 1216 2554 id
1243 2526 1296 2554 est.
1321 2532 1350 2554 a.
1377 2523 1410 2555 h.
1428 2525 1583 2556 extiterit

152 2569 238 2600 delet
250 2569 311 2600 Ad.
326 2566 500 2609 Schmidtll
513 2569 554 2597 27
570 2567 805 2599 hereditatem
824 2568 1004 2609 Goeschen,
1023 2568 1180 2599 heretem
1201 2568 1225 2599 C
1242 2567 1254 2607 ΙΙ
1273 2570 1313 2599 28
1330 2568 1581 2607 obligationem

156 2613 196 2655 C,
222 2614 414 2646 aditionem
447 2613 627 2653 Goeschen,
660 2613 745 2652 cons.
771 2613 866 2653 infra
890 2615 935 2646 ad
956 2624 1035 2655 paq.
1069 2616 1120 2654 52,
1148 2616 1165 2645 5
1189 2613 1202 2652 11
1227 2615 1374 2645 cesserit
1402 2614 1581 2655 Goeschen,

153 2661 324 2692 cesseerit
352 2659 376 2692 C
403 2661 417 2700 ῃ
452 2661 491 2689 29
520 2660 551 2689 id
583 2658 768 2698 Goeschen‚
803 2660 837 2691 id
864 2669 883 2691 a
915 2659 939 2692 C
970 2660 983 2700 {l
1017 2662 1058 2690 32
1095 2662 1130 2690 in
1157 2661 1233 2691 iure
1270 2667 1369 2691 cessa
1398 2659 1575 2692 Goeschen.

153 2705 189 2736 in
215 2706 293 2737 iure
320 2714 419 2737 cessa
446 2706 480 2736 in
513 2702 570 2744 Οἱ),
598 2704 683 2743 conf.
714 2703 765 2735 Ca.

1269 2772 1307 2803 lo*
