1872 3095
979 165 1041 192 XVI
1101 177 1214 184 -—

341 279 385 317 In
426 279 670 330 paginarum
711 278 895 328 margine
934 275 1080 315 dextro
1120 288 1316 316 numeros
1353 279 1596 330 paginarum
1644 279 1795 320 codicis

226 336 474 374 Veronensis
506 334 815 385 adscripsimus,
849 332 1023 371 confinia
1055 333 1200 372 harum
1231 334 1474 386 paginarum
1507 337 1547 375 in
1578 337 1667 388 ipso
1700 349 1796 376 uer-

226 392 375 430 borum
417 392 663 430 Gaianorum
702 395 898 428 contextu
935 390 997 428 his
1038 390 1199 429 lineolis
1229 388 1240 442 ΙΙ
1271 391 1615 442 significauimus:
1662 393 1794 432 ueluti

224 449 347 487 huius
381 448 569 486 editionis
608 458 698 498 pag.
734 446 754 483 4
789 458 898 485 uers.
936 446 987 485 22
1017 446 1092 486 hae
1116 446 1291 486 lineolae
1315 446 1495 486 indicant
1514 454 1608 500 post
1627 450 1692 488 uel
1713 455 1797 489 ter-

226 506 372 543 minari
394 504 544 543 codicis
568 504 815 542 Veronensis
839 503 1030 554 paginam
1053 503 1089 553 2,
1124 504 1303 542 incohari
1331 504 1519 543 eiusdem
1542 507 1732 558 paginam
1756 507 1795 546 3.

226 562 440 600 Praeterea
468 562 508 599 in
530 560 677 599 eodem
699 560 944 611 paginarum
966 560 1150 611 margine
1180 560 1326 599 dextro
1356 563 1670 602 numerauimus
1699 575 1797 602 uer-

227 630 297 657 sus
343 620 585 668 paginarum
631 617 754 655 huius
802 615 1008 667 editionis,
1057 616 1110 656 ad
1156 629 1259 669 quos
1306 617 1590 657 adnotationes
1635 621 1799 672 criticas

225 674 478 725 redegimus.

341 732 383 768 ln
422 731 664 782 paginarum
705 730 890 780 margine
923 730 1087 768 sinistro
1119 729 1417 781 adscripsimus
1448 743 1644 770 numeros
1675 744 1797 783 para-

227 788 478 838 graphorum
521 787 725 837 cuiusque
766 785 880 834 libri3
928 786 1157 825 eorundem
1203 799 1407 825 summam
1453 788 1795 838 comprehensam

224 855 353 895 prope
386 844 612 893 marginem
645 843 893 881 exteriorem
925 841 978 894 (in
1012 855 1173 881 summa
1203 842 1366 896 pagina)
1399 844 1677 884 exhibuimus.

338 900 581 939 Scribebam
613 898 875 951 Argentorati
908 899 994 938 Kal.
1031 900 1117 938 Iun.
1151 911 1185 938 a.
1220 913 1523 940 mncccrxxxuu.

549 1088 890 1142 PRAEFATIO
927 1089 1115 1143 PAVLI
1150 1089 1473 1144 KRVEGERI.

315 1194 398 1225 Post
423 1195 576 1225 mortem
602 1192 846 1224 Studemundi
874 1192 993 1224 adhuc
1019 1202 1125 1225 nemo
1152 1194 1280 1234 extitit,
1306 1194 1368 1235 qui
1394 1202 1486 1235 opus
1512 1194 1557 1227 ab
1584 1194 1645 1226 illo
1668 1194 1796 1236 incep-

224 1241 301 1270 tum
328 1240 363 1270 in
390 1247 428 1270 se
454 1239 650 1279 reciperet,
685 1241 725 1270 ut
756 1238 885 1270 iterato
919 1238 1057 1270 codicis
1085 1239 1301 1271 Veronensis
1332 1240 1498 1271 examine
1531 1248 1624 1280 quae
1649 1248 1795 1272 reman-

224 1286 350 1316 serunt
375 1284 525 1316 lacunas
551 1283 658 1315 nobis
684 1283 854 1324 expleret.
904 1282 994 1315 haec
1021 1284 1131 1323 igitur
1150 1285 1278 1325 quinta
1310 1284 1421 1316 editio
1440 1294 1509 1316 non
1529 1286 1610 1317 aliis
1630 1285 1794 1318 lectioni-

224 1329 292 1361 bus
333 1330 471 1361 codicis
511 1328 731 1361 Veronensis
776 1329 905 1360 nititur
950 1329 1020 1360 nisi
1063 1329 1124 1369 iis,
1173 1338 1266 1369 quae
1310 1330 1544 1362 continentur
1584 1331 1793 1372 apographo

223 1374 466 1406 Studemundi
485 1373 549 1415 (Ca)
569 1376 603 1406 et
620 1374 885 1415 supplementis
903 1374 1012 1406 huius
1031 1375 1226 1415 apographi
1247 1383 1340 1415 quae
1357 1374 1451 1405 infra
1475 1377 1680 1417 sequuntur
1703 1375 1793 1416 (0⁸⁶).

313 1421 408 1452 Inter
432 1420 599 1452 subsidia
625 1420 751 1451 critica
779 1419 935 1451 Graecae
953 1419 1236 1451 Iustinianarum
1256 1421 1524 1451 institutionum
1552 1421 1793 1461 paraphrasis,

223 1474 314 1506 quae
339 1465 525 1507 Theophili
552 1473 632 1497 esse
658 1465 829 1506 traditur,
867 1465 938 1496 iam
972 1465 1007 1496 in
1041 1466 1146 1496 tertia
1178 1465 1337 1496 editione
1368 1465 1525 1506 amplius
1551 1475 1660 1506 quam
1687 1470 1793 1499 antea

222 1510 357 1542 factum
393 1515 447 1542 est
479 1511 654 1542 rationem
689 1510 817 1551 habui,
854 1513 1045 1551 postquam
1073 1510 1274 1542 Contardus
1305 1510 1436 1542 Ferrini
1472 1512 1602 1543 iniuria
1635 1520 1713 1543 eam
1747 1511 1792 1544 ab

222 1555 424 1588 editoribus
450 1556 651 1596 neglectam
683 1564 762 1587 esse
794 1564 866 1587 non
899 1556 976 1587 sine
1008 1564 1117 1587 causa
1151 1554 1341 1595 notauit¹);
1382 1558 1523 1587 constat
1557 1557 1653 1588 enim
1685 1557 1793 1589 huius

221 1602 454 1642 paraphrasis
488 1603 674 1633 auctorem
707 1604 848 1642 praeter
878 1601 1067 1632 Iustiniani
1100 1604 1306 1632 contextum
1333 1601 1395 1632 Gai
1429 1610 1575 1642 quoque
1609 1610 1792 1634 commen-

222 1647 334 1678 tarios
367 1648 448 1678 ante
482 1647 607 1678 oculos
641 1645 815 1678 habuisse
852 1649 884 1677 et
911 1655 953 1677 ex
978 1645 1033 1677 his
1067 1646 1220 1685 plurima
1255 1655 1380 1677 eorum
1414 1646 1660 1687 adsumpisse,
1699 1656 1793 1689 quae

224 1692 414 1723 Iustiniani
439 1691 564 1723 uerbis
592 1693 625 1723 in
652 1691 862 1732 paraphrasi
888 1689 1169 1729 accesserunt2).
1208 1700 1271 1723 eos
1297 1692 1407 1731 igitur
1432 1693 1663 1733 paraphrasis
1681 1692 1792 1733 locos,

224 1738 284 1778 qui
313 1737 370 1768 uel
397 1736 442 1769 ad
469 1739 580 1769 crisin
608 1736 730 1768 Gaiani
752 1737 941 1768 contextus
959 1736 1017 1768 uel
1043 1737 1088 1768 ad
1114 1736 1337 1777 supplendos
1363 1737 1484 1769 hiatus
1509 1737 1670 1778 aliquam
1695 1738 1792 1770 utili-

224 1785 333 1813 tatem
361 1782 533 1814 uidentur
557 1782 702 1821 habere,
730 1783 822 1812 inter
847 1782 985 1821 reliqua
1019 1781 1184 1814 subsidia
1217 1783 1342 1814 critica
1376 1782 1560 1814 adnoiaui.
1608 1783 1666 1815 his
1690 1792 1793 1825 prae-

223 1827 319 1856 terea
345 1823 541 1863 fragmenta
565 1823 903 1863 Augustodunensia
930 1824 1029 1863 (conf.
1056 1834 1132 1865 pag.
1159 1825 1217 1855 XL
1243 1826 1331 1865 sqq.)
1358 1827 1602 1865 accesserunt,
1634 1834 1790 1866 quorum

225 1879 293 1911 ope
318 1878 430 1900 unum
458 1870 553 1900 certe
579 1869 698 1900 locum
726 1869 808 1907 (Gai.
829 1870 858 1910 li,
885 1870 938 1908 105)
965 1878 1050 1901 suae
1076 1871 1267 1910 integritati
1294 1870 1483 1901 restituere
1508 1870 1616 1902 licuit.

316 1914 468 1952 Quartae
491 1914 648 1955 editioni,
673 1923 765 1955 quae
798 1923 889 1946 anno
915 1918 1001 1946 4899
1028 1915 1173 1956 prodiit,
1205 1915 1374 1947 nonnulla
1399 1916 1647 1957 supplementa
1671 1924 1791 1948 emen-

225 1960 458 2000 dationesque
482 1959 658 1991 Theodori
684 1960 895 1991 Mommseni
921 1963 1158 1992 accesserunt.
1206 1961 1249 1992 ad
1281 1961 1372 1992 hanc
1402 1961 1564 2001 quintam
1596 1961 1789 1993 editionem

224 2015 294 2037 non
329 2006 404 2036 sine
435 2005 554 2036 fructu
580 2007 717 2037 sextam
750 2005 920 2037 Huschkii
958 2006 1150 2038 editionem
1193 2006 1353 2048 adhibui,
1387 2016 1496 2047 quam
1529 2006 1565 2038 E.
1598 2007 1720 2039 Seckel
1755 2010 1790 2039 et

225 2052 260 2082 B.
280 2051 432 2082 Kuebler
456 2059 546 2082 anno
574 2053 660 2082 4903
687 2053 916 2083 curauerunt.

362 2096 502 2127 Bonnae
527 2105 648 2128 mense
672 2095 855 2128 Februarii
881 2097 961 2128 anni
988 2099 1087 2130 4905.

320 2194 340 2234 ¹)
366 2194 576 2225 Rendiconti
606 2193 686 2225 dell’
714 2194 854 2224 Istiluto
874 2191 1079 2225 Lombardo
1102 2192 1182 2224 XVI
1207 2192 1232 2232 (4
1243 2192 1318 2231 883)
1346 2201 1424 2233 pag.
1443 2195 1506 2224 569
1527 2202 1604 2234 sqq.
1623 2194 1658 2225 et
1673 2192 1798 2224 Archi-

227 2240 284 2271 vio
310 2239 489 2279 giuridico
522 2239 684 2270 XXXVII
711 2238 821 2279 (¹887)
847 2247 925 2280 pag.
953 2240 1010 2270 384
1042 2247 1119 2279 sqq.
1152 2240 1186 2269 et
1218 2238 1496 2279 Byzantinische
1522 2237 1726 2270 Zeitschril't
1750 2237 1794 2269 Vl

413 2293 431 2307 σ

227 2284 341 2369 (48972)
365 2286 523 2362 Ῐέἶῗπίὅηῆιξ
544 2293 803 2370 ἰὲἓῖεοιυτεῐη,
837 2337 906 2369 qua
933 2329 1053 2360 omnia
1081 2329 1225 2359 Gaianis
1258 2328 1402 2370 similia,
1433 2337 1526 2369 quae
1557 2327 1653 2368 apud
1687 2327 1796 2359 Iusti-

229 2376 374 2406 nianum
392 2378 452 2407 aut
470 2375 574 2407 aliter
591 2375 760 2415 leguntur
777 2377 837 2406 aut
856 2375 1002 2405 omnino
1021 2383 1091 2405 non
1112 2375 1243 2414 extant,
1264 2374 1420 2405 Gaianae
1445 2373 1572 2413 origini
1591 2372 1796 2405 attribuun-

229 2422 296 2460 tur,
332 2421 439 2452 ualde
470 2421 757 2460 resti-ingundam
792 2428 871 2451 esse
904 2419 1030 2451 docuit
1061 2421 1164 2450 cauta
1198 2421 1232 2450 et
1263 2421 1387 2459 arguta
1419 2419 1624 2450 dissertatio
1651 2418 1796 2451 Henrici

230 2465 379 2496 Brokate
406 2466 449 2497 de
475 2466 730 2506 Theophilinae
757 2474 849 2506 quae
876 2464 989 2496 fertur
1008 2465 1194 2496 Iustiniani
1214 2465 1484 2496 Institutionum
1511 2464 1668 2496 Graecae
1694 2472 1798 2504 para-

230 2511 401 2553 phraseos
421 2512 694 2551 compositione.
736 2511 961 2550 Argentorati
989 2511 1075 2541 4856
1103 2511 1392 2549 (Dissertationes
1410 2509 1647 2551 philologicae
1664 2509 1797 2550 Argen·

230 2558 428 2588 toratenses
454 2556 608 2588 selectae
634 2557 681 2588 XI
706 2564 784 2597 pag.
813 2558 873 2586 443
901 2555 1003 2596 sqq).
