1918 3110
644 205 756 212 ,-
817 182 870 222 63
930 205 1043 211 -.
1330 182 1555 222 11§93—97

126 320 219 346 cum
249 309 489 359 usucaperit
520 320 704 356 seruum,
738 308 835 359 quia
856 319 903 346 eo
925 305 1047 345 modo
1072 306 1262 345 dominus
1286 306 1342 357 fit,
1376 320 1428 346 ex
1449 308 1557 346 omni

126 376 250 403 causa
279 377 356 415 per
388 377 483 403 eum
515 364 594 404 sibi
625 365 846 417 adquirere
876 368 1023 414 potest.
1086 363 1424 402 usufructuarius
1456 376 1557 403 uero

125 433 357 472 usucapere
403 434 484 460 non
530 427 681 473 potest:
733 421 914 471 primum
960 421 1056 471 quia
1100 432 1181 458 non
1227 420 1433 471 possidet,
1483 421 1556 459 sed

126 477 253 517 habet
297 480 361 517 ius
408 478 554 518 utendi
594 476 664 531 [et]
702 476 887 523 fruendi;
935 476 1087 516 deinde
1123 478 1219 528 quia
1259 479 1334 516 scit
1376 476 1557 515 alienum

61 535 110 573 94
127 546 297 573 seruum
337 547 441 574 esse.
503 536 561 574 De
599 534 669 573 illo
702 535 932 586 quaeritur,
972 545 1023 572 an
1054 546 1131 585 per
1162 546 1257 573 eum
1289 545 1479 584 seruum,
1517 535 1590 572 ἰοῦ

127 603 208 643 quo
240 592 548 630 usumfructum
578 591 793 640 habemus,
827 590 1043 642 possidere
1075 590 1258 642 aliquam
1285 603 1374 630 rem
1397 595 1437 629 et
1457 602 1559 629 usu-

126 660 275 699 capere
316 650 546 700 possimus,
586 650 682 700 quia
719 650 856 699 ipsum
897 660 979 686 non
1014 648 1291 698 possidemus.
1354 659 1431 699 per
1462 660 1558 686 eum

125 717 240 757 uero,
274 718 400 757 quem
430 706 539 744 bona
570 705 653 744 fide
683 704 961 756 possidemus,
994 705 1082 743 sine
1115 704 1242 743 dubio
1275 710 1315 743 et
1341 704 1558 755 possidere

126 767 167 800 et
211 774 444 814 usucapere
489 774 726 814 possumus.
808 761 1020 813 loquimur
1066 766 1204 800 autem
1249 763 1290 800 in
1335 763 1557 813 utriusque

125 831 307 869 persona
338 819 569 858 secundum
602 819 882 857 definitionem
915 830 1039 870 quam
1060 820 1250 869 proxime
1274 820 1613 869 exposuimus,⁴0

125 875 168 914 id
207 881 270 914 est
311 878 344 915 si
385 876 484 928 quid
524 889 576 915 ex
613 888 658 915 re
697 881 834 914 nostra
867 875 936 914 uel
968 888 1019 914 ex
1051 877 1187 926 operis
1219 877 1304 914 suis
1338 875 1559 927 adquirant

60 932 182 981 95[id
212 932 332 972 nobis
365 931 626 985 adquiritur}
681 934 737 971 Ex
769 933 832 971 his
865 937 1037 984 apparet
1066 944 1143 983 per
1174 931 1328 971 liberos
1355 933 1557 984 homines,

126 1001 230 1041 quos
261 1002 400 1041 neque
432 992 512 1028 iuri
542 995 679 1029 nostro
712 989 919 1028 subiectos
952 988 1156 1028 habemus
1183 1002 1321 1041 neque
1343 989 1453 1028 bona
1475 989 1557 1028 fide

124 1046 411 1097 possidemus,
458 1048 556 1085 item
601 1058 678 1098 per
723 1047 880 1085 alienos
925 1058 1091 1096 seruos,
1138 1048 1179 1085 in
1222 1046 1378 1098 quibus
1420 1059 1557 1098 neque

124 1103 432 1142 usumfructum
470 1104 674 1143 habemus
711 1116 850 1155 neque
888 1105 1038 1142 iustam
1075 1105 1403 1154 possessionem,
1441 1103 1613 1142 nulla⁴5

125 1173 177 1198 ex
222 1173 346 1200 causa
392 1160 511 1200 nobis
559 1161 723 1213 adquiri
767 1172 903 1211 posse.
972 1165 1011 1199 et
1056 1161 1134 1199 hoc
1179 1166 1241 1199 est
1279 1160 1391 1213 quod
1428 1160 1556 1212 uulgo

126 1216 275 1256 dicitur
310 1230 387 1269 per
427 1224 665 1257 extraneam
703 1230 926 1268 personam
957 1217 1077 1256 nobis
1109 1217 1276 1269 adquiri
1306 1230 1387 1256 non
1418 1229 1555 1268 posse.

123 1279 283 1312 tantum
315 1274 366 1314 de
393 1277 658 1326 possessione
681 1276 908 1327 quaeritur,
942 1287 993 1312 an
1017 1272 1109 1326 <per
1132 1272 1395 1326 eoetraneam>
1417 1286 1558 1325 perso-

59 1331 109 1368 96
124 1343 217 1369 nam
249 1331 368 1371 nobis
401 1331 657 1384 adquiratur.
713 1332 756 1370 In
789 1343 949 1370 summa
982 1331 1198 1370 sciendum
1230 1337 1293 1370 est
1313 1332 1389 1380 his,
1423 1332 1495 1383 qui
1515 1332 1613 1370 inis»

122 1386 133 1439 j,
163 1392 364 1438 potestate
399 1401 522 1427 manu
553 1390 812 1440 mancipioue
844 1393 951 1440 sunt,
985 1388 1087 1427 nihil
1118 1390 1158 1427 in
1186 1390 1277 1428 iure
1300 1388 1391 1427 cedi
1413 1399 1648 1440 posse3pag.
1669 1395 1710 1425 77

125 1456 218 1483 cum
267 1446 375 1484 enim
422 1448 595 1485 istarum
639 1457 915 1497 personarum
959 1445 1062 1484 nihil
1110 1457 1234 1485 suum
1281 1457 1375 1484 esse
1412 1446 1555 1496 possit,

124 1503 377 1541 conueniens
417 1508 478 1542 est
518 1503 694 1554 scilicet,
738 1507 785 1542 ut
814 1502 916 1541 nihil
949 1514 1072 1541 suum
1105 1515 1195 1542 esse
1226 1503 1267 1541 in
1299 1504 1388 1541 iure
1421 1501 1558 1541 uindi-

123 1570 216 1598 care
247 1560 418 1610 possint.

58 1671 108 1711 97
236 1673 438 1712 Hactenus
477 1675 680 1725 tantisper
717 1673 985 1712 admonuisse
1018 1672 1171 1712 sufficit
1201 1672 1557 1724 quemadmodum

123 1729 311 1781 singulae
351 1742 420 1770 res
459 1730 579 1770 nobis
611 1730 897 1782 adquirantur.
959 1742 1054 1769 nam
1086 1730 1319 1782 legatorum
1350 1731 1432 1781 ius,
1475 1742 1557 1782 quo
1573 1739 1614 1768 25

215 1830 235 1870 ξ
254 1832 295 1862 94
321 1830 405 1862 inde
430 1830 476 1863 ab
503 1833 520 1861 9
548 1832 718 1871 loquimur
744 1806 1559 1873 sergvffi

119 1884 220 1915 posse
238 1876 383 1908 =1nst.
409 1878 440 1917 2,
467 1878 498 1918 9,
525 1879 543 1908 5
568 1875 580 1919 Η
603 1877 622 1916 ἓ
641 1879 682 1909 97
710 1876 784 1909 fere
810 1890 852 1905 =
879 1878 963 1909 Inst.
992 1879 1023 1918 2,
1050 1879 1080 1918 9,
1108 1879 1140 1908 6.

124 1941 157 1951 Ν

215 1979 301 2008 4-2
330 1978 428 2008 omni
454 1986 564 2009 causa
586 1978 620 2017 C,
647 1978 816 2010 omnibus
842 1979 961 2010 causis
980 1978 1057 2018 Diy.
1074 1979 1158 2010 Inst.
1183 1977 1196 2020 {l
1220 1981 1237 2008 2
1264 1977 1557 2010 usufructuarius

125 2021 151 2055 C
166 2022 254 2063 Diy„
279 2022 499 2055 fructuarius
519 2024 598 2055 Inst.
617 2024 630 2063 ΙΙ
649 2027 665 2054 3
686 2032 886 2064 usucapere
909 2023 934 2056 C
953 2024 1044 2065 Inst.,
1072 2032 1269 2064 usucapere
1288 2032 1432 2056 seruum
1454 2024 1529 2064 Εἰς).
1546 2023 1559 2066 ΙΙ

123 2070 139 2099 4
168 2071 202 2099 et
231 2067 265 2109 C,
291 2077 354 2099 om.
382 2069 458 2109 Diq.
485 2069 566 2101 Inst.
594 2071 721 2101 rectius
744 2069 758 2108 ΙΙ
782 2070 864 2109 quia
895 2069 919 2100 C
945 2069 1036 2110 Inst.,
1063 2070 1232 2109 quoniam
1260 2069 1337 2109 Diy.
1361 2070 1374 2109 ΙΙ
1399 2070 1556 2102 alienum

123 2122 266 2145 seruum
298 2113 340 2152 C,
376 2122 522 2145 seruum
550 2115 708 2146 alienum
735 2115 811 2154 Diq.
839 2115 918 2146 Inst.
938 2115 950 2154 ΙΙ
977 2117 993 2145 6
1020 2115 1175 2155 aliquam
1205 2115 1393 2154 Goeschen‚
1421 2113 1556 2156 aliqui?

126 2158 215 2198 0117
243 2159 426 2199 possimus
454 2159 635 2198 Goeschen,
665 2168 858 2201 possumus
881 2159 905 2192 C
921 2160 934 2200 ΙΙ
962 2163 1000 2191 40
1020 2169 1177 2202 persona
1203 2161 1295 2202 Inst„
1321 2163 1485 2202 personis
1502 2163 1557 2193 uel

125 2213 296 2245 parsonas
325 2204 433 2244 01144
466 2208 586 2246 operis
615 2205 649 2247 C,
675 2205 846 2246 operibus
873 2206 952 2238 Inst.
971 2206 985 2245 ΙΙ
1002 2206 1193 2246 adquirant
1221 2204 1253 2248 C,
1280 2206 1397 2248 adepti
1424 2206 1557 2239 fuerint

124 2250 203 2282 Inst.
222 2250 295 2290 {1⁴2
322 2249 351 2290 []
381 2249 406 2282 C
430 2259 474 2282 ew
497 2251 708 2292 9lossemate‚
734 2259 796 2283 om.
824 2252 903 2282 Inst.
922 2251 936 2291 ΙΙ
954 2251 1008 2283 his
1030 2251 1211 2292 Goeschen,
1237 2252 1279 2283 iis
1302 2251 1336 2293 C,
1362 2253 1416 2284 his
1435 2254 1554 2293 itaque

125 2296 203 2327 Inst.
227 2295 240 2335 ΙΙ
268 2298 305 2326 43
334 2298 456 2327 nostro
485 2296 666 2338 Goeschen,
700 2300 842 2329 nostros
872 2297 897 2329 C
924 2298 937 2336 11
969 2300 1007 2328 45
1031 2300 1108 2336 post
1134 2297 1309 2329 habemus
1337 2299 1373 2329 in
1402 2297 1426 2330 C
1449 2299 1555 2329 uerba

123 2341 205 2372 item
240 2350 304 2381 per
334 2341 472 2373 alienos
503 2350 629 2373 seruos
665 2343 700 2373 in
727 2342 860 2383 quibus
885 2352 1000 2383 neque
1024 2342 1292 2375 usumfructum
1314 2352 1379 2383 per
1403 2352 1556 2374 errorem

121 2389 264 2426 repetita
289 2390 377 2427 sunt,
404 2386 490 2426 conf.
513 2386 554 2418 Ca
577 2385 590 2429 ΙΙ
615 2389 656 2419 46
683 2388 792 2428 uulgo
822 2387 856 2427 C,
883 2397 946 2419 om.
973 2389 1053 2420 Inst.
1078 2386 1091 2430 ΙΙ
1116 2390 1156 2419 47
1185 2388 1289 2420 nobis
1315 2389 1457 2429 adquiri
1484 2398 1553 2420 non

127 2431 161 2472 C,
187 2432 275 2463 nihil
302 2432 444 2473 adquiri
472 2433 551 2464 Inst.
577 2433 589 2475 Η
620 2435 661 2464 48
699 2442 761 2473 per
791 2436 995 2465 extraneam
1022 2434 1226 2475 personam]
1252 2443 1292 2474 ps
1500 2436 1555 2466 uel

121 2487 165 2518 pe
343 2475 361 2509 ’Β
391 2477 415 2509 C
443 2479 541 2517 (conf.
573 2478 658 2519 Cas),
689 2487 753 2519 per
777 2482 1048 2520 procuratorem
1078 2479 1269 2520 Goudsmit;
1303 2481 1388 2519 conf.
1416 2481 1496 2512 lnst.
1521 2484 1553 2521 2,

123 2527 153 2564 9,
180 2527 198 2555 5
234 2520 246 2566 l}
282 2526 318 2554 24
351 2526 486 2555 starum
516 2522 541 2555 C
573 2522 585 2566 ΙΙ
620 2527 662 2555 22
691 2526 910 2557 conueniens
939 2525 1118 2565 Goeschen,
1146 2526 1337 2556 conuenies
1367 2524 1392 2557 C
1426 2524 1438 2568 ΙΙ
1475 2534 1554 2557 esse

124 2569 330 2610 Lachmann,
363 2577 441 2601 esse
465 2577 571 2610 posse
602 2569 641 2609 C;
672 2570 777 2601 uerba
809 2579 913 2602 suum
948 2579 1025 2602 esse
1058 2578 1163 2611 posse
1189 2574 1363 2610 tamquam
1386 2571 1551 2611 glossema

123 2615 260 2653 expellit
284 2616 471 2646 Mommsen
495 2613 507 2656 ΙΙ
537 2617 578 2645 24
608 2615 788 2647 Hactenus
814 2625 858 2647 ex
883 2617 964 2648 Inst.
990 2616 1159 2654 suppleuit
1187 2615 1355 2647 Goeschen
1380 2614 1392 2658 ΙΙ
1422 2616 1556 2648 sufficit

127 2659 151 2690 C
181 2669 257 2691 cum
292 2661 466 2692 nonnullis
501 2661 669 2692 codicibus
695 2661 958 2703 Institutionum,
989 2661 1147 2693 sufficiat
1181 2662 1241 2693 alii
1270 2663 1400 2693 codices
1438 2662 1518 2694 Inst.
1542 2661 1557 2705 l}

124 2706 162 2735 25
191 2705 295 2738 nobis
322 2706 560 2747 adquirantur
590 2705 624 2748 C,
650 2706 891 2748 adquiruntur
919 2708 999 2740 Inst.
