1872 3095
844 187 891 213 XV

81 300 209 341 fidem
252 299 533 339 laudauimus.
610 298 826 338 Maluimus
869 303 1008 336 autem
1054 297 1200 349 plures
1247 298 1471 350 quamvad
1509 298 1655 338 Gaium

81 357 392 398 emendandum
439 368 543 407 opus
586 361 697 395 esset
736 355 923 394 lectionis
962 354 1262 406 discrepantias
1309 368 1361 393 ex
1399 356 1574 407 Digestis
1617 359 1657 393 et

82 414 414 454 Institutionibus
466 414 679 452 Iustiniani
728 416 946 463 excerptas
998 411 1260 461 adscribere,
1320 417 1366 451 ut
1421 416 1654 463 appareret,

82 483 208 524 quam
238 470 372 510 libere
404 469 613 509 interdum
651 470 688 507 ei
725 470 797 520 qui
836 470 954 507 iussu
987 469 1201 507 Iustiniani
1232 469 1394 520 Digesta
1428 469 1657 507 Institutio-

82 541 215 568 nesue
247 527 564 579 componebant,
596 527 789 564 orationis
821 525 998 564 Gaianae
1031 525 1206 564 formam
1237 527 1547 574 immutassent3
1580 537 1658 563 nec

80 597 228 638 parum
265 584 361 624 inde
404 584 457 622 ad
496 584 618 622 crisin
655 587 697 622 et
727 583 799 621 Gai
838 588 878 621 et
910 583 1122 621 Iustiniani
1154 583 1460 621 Institutionum
1490 594 1657 634 promo-

81 641 263 682 uendam
295 641 560 694 profecimus,
592 639 706 691 quod
736 639 810 678 hos
842 639 1156 690 compilatorum
1180 640 1498 678 Iustinianorum
1527 638 1656 677 libros

84 699 222 738 denuo
269 697 530 737 contulimus.
607 697 686 743 Qui
728 696 1015 747 compilatores
1060 696 1319 748 ubicumque
1370 701 1543 748 propter
1592 697 1656 734 ius

82 761 283 795 nouatum
317 754 446 794 uerba
477 754 629 792 Gaiana
661 757 732 791 aut
763 752 988 792 omittendo
1020 758 1091 791 aut
1121 752 1316 792 addendo
1349 759 1420 792 aut
1450 752 1527 791 alia
1558 752 1660 791 sub-

83 811 295 852 stituendo
327 815 609 860 mutauerunt,
641 809 685 848 id
717 822 848 861 genus
881 809 1185 860 discrepantiae
1217 812 1258 849 in
1290 815 1537 862 apparatum
1577 811 1658 848 cri-

80 872 209 909 ticum
246 869 334 907 fere
371 879 453 906 non
492 868 750 918 recepimus3
797 879 875 905 nec
914 868 1045 919 magis
1085 866 1398 919 adnotauimus,
1447 866 1581 906 sicubi
1616 868 1658 905 in

81 924 243 978 periodi
274 924 448 963 alicuius
481 937 534 963 ex
564 924 728 962 Gaianis
751 923 1083 962 Institutionibus
1117 923 1387 975 depromptae
1419 925 1530 963 initio
1561 936 1659 975 par-

79 982 233 1022 ticulae
265 981 527 1032 copulatiuae
560 980 612 1020 ab
645 981 882 1020 Iustinianis
912 986 1084 1032 propter
1115 982 1414 1020 sententiarum
1453 993 1657 1020 conexum

80 1044 262 1078 mutatae
301 1043 409 1077 sunt.
471 1040 574 1076 Raro
614 1042 818 1076 mutatum
858 1039 899 1076 in
940 1038 1153 1077 Iustiniani
1194 1038 1524 1077 Institutionibus
1561 1050 1659 1076 uer-

81 1096 233 1135 borum
265 1095 453 1134 ordinem
484 1107 565 1134 non
599 1095 873 1146 enotauimus,
905 1094 979 1133 ubi
1011 1096 1373 1146 transpositionem
1404 1095 1517 1133 illam
1549 1094 1660 1133 arbi-

79 1155 157 1192 tr10
204 1152 518 1204 compilatorum
565 1152 884 1190 Iustinianorum
933 1151 1079 1190 deberi
1125 1152 1173 1203 (e.
1221 1165 1257 1203 g.
1306 1165 1358 1190 ex
1393 1153 1658 1204 Digestorum

78 1207 400 1262 comparatione)
437 1215 548 1248 certo
588 1214 772 1260 apparet.
842 1207 978 1260 Atque
1015 1208 1087 1247 uel
1124 1210 1255 1260 magis
1290 1209 1504 1260 Epitomae
1541 1209 1660 1247 Gaia-

80 1280 160 1306 nae
200 1267 398 1305 lectiones
436 1278 459 1304 a
496 1265 636 1305 codice
676 1266 705 1303 C
739 1265 1024 1316 discrepantes
1065 1265 1226 1304 silentio
1262 1266 1658 1317 praetermittendae

85 1329 215 1363 erant.

196 1381 243 1419 In
275 1380 540 1430 superiore
583 1378 894 1417 adnotationum
932 1377 1153 1429 laterculo,
1191 1378 1235 1417 id
1275 1384 1337 1419 est
1366 1381 1475 1419 inter
1504 1379 1659 1418 uerbo-

80 1450 174 1476 rum
206 1437 455 1476 Gaianorum
486 1440 724 1474 contextum
757 1441 797 1474 et
826 1435 946 1474 illum
979 1435 1030 1474 de
1068 1448 1151 1488 quo
1193 1435 1373 1475 diximus
1414 1442 1660 1488 apparatum

80 1496 281 1545 criticum,
314 1493 492 1532 indicem
524 1493 808 1543 congessimus
841 1504 984 1531 eorum
1015 1492 1213 1543 locorum,
1249 1494 1321 1544 qui
1353 1493 1422 1531 uel
1453 1495 1494 1532 in
1516 1494 1660 1544 Diges-

80 1553 132 1590 tis
178 1550 250 1589 uel
290 1551 331 1589 in
373 1549 702 1588 Institutionibus
753 1549 966 1588 Iustiniani
1007 1549 1077 1588 uel
1113 1551 1154 1588 in
1200 1549 1290 1588 aliis
1333 1549 1453 1589 libris
1498 1550 1660 1589 iuridici

79 1607 318 1660 argumenti
348 1619 401 1645 ex
431 1606 503 1645 Gai
535 1605 866 1645 Institutionibus
899 1607 988 1645 siue
1020 1606 1074 1645 ad
1112 1606 1294 1645 uerbum
1334 1612 1454 1646 tenus
1494 1612 1661 1646 seruata

80 1665 279 1704 orationis
311 1664 490 1702 Gaianae
529 1663 661 1701 forma
698 1663 787 1701 siue
824 1662 961 1702 leuius
998 1664 1212 1702 immutata
1251 1662 1462 1715 desumpti
1493 1664 1658 1714 sunt20).

84 1723 308 1761 Omisimus
340 1726 478 1759 tamen
509 1720 551 1758 in
581 1720 659 1758 hoc
689 1719 825 1758 indice
857 1720 1088 1771 Epitomam
1120 1720 1329 1771 Gaianam,
1371 1733 1496 1772 quam
1534 1734 1586 1760 ne
1619 1723 1659 1760 in

85 1783 288 1830 apparatu
319 1778 457 1816 critico
491 1776 661 1829 quidem
693 1778 911 1815 citauimus
944 1778 1022 1815 nisi
1053 1778 1094 1815 in
1130 1776 1229 1816 locis
1262 1777 1517 1829 quibusdam
1550 1778 1662 1817 diffi-

83 1836 310 1875 cilioribus.
372 1834 452 1873 Vbi
483 1845 648 1883 eorum,
696 1835 768 1885 qui
799 1835 840 1872 in
871 1834 949 1872 hoc
978 1834 1114 1873 indice
1145 1835 1444 1885 respiciuntur,
1487 1836 1660 1875 fontium

80 1897 302 1932 contextus
334 1891 438 1930 adeo
470 1891 672 1929 consentit
703 1903 796 1929 cum
827 1892 928 1942 ipsis
960 1891 1032 1929 Gai
1062 1891 1219 1942 uerbis,
1252 1896 1298 1930 ut
1329 1904 1471 1931 omnes
1506 1893 1662 1932 discre-

84 1951 246 2002 pantias
270 1961 322 1988 ex
342 1948 422 1987 illis
444 1949 486 1987 in
509 1952 712 1999 apparatu
734 1949 872 1986 critico
896 1953 1063 1987 enotare
1093 1947 1224 1998 liceat,
1254 1948 1332 1987 hoc
1362 1950 1478 2001 signo
1505 1951 1661 1989 utimur

91 2023 193 2041 ›=‹
229 2005 341 2059 (uide
374 2018 408 2044 e.
442 2017 478 2056 g.
512 2005 528 2043 I
561 2005 586 2055 ξ
621 2002 679 2057 1);
713 2004 785 2043 ubi
823 2004 949 2056 paulo
986 2004 1182 2056 pluribus
1213 2006 1438 2045 immutatis
1475 2007 1528 2045 ita
1566 2020 1662 2046 con-

87 2064 228 2113 sentit,
273 2068 320 2102 ut
357 2062 444 2100 fere
477 2074 620 2100 omnes
659 2061 958 2112 discrepantias
998 2068 1166 2101 enotare
1203 2062 1385 2114 licuerit,
1428 2064 1507 2102 hoc
1544 2066 1659 2116 signo

92 2120 204 2159 »fere
227 2136 304 2153 ==‹
341 2117 453 2171 (uide
495 2132 528 2157 e.
571 2131 606 2170 g.
641 2119 656 2157 Ι
689 2118 714 2168 ξ
748 2119 835 2168 38);
870 2118 942 2158 ubi
981 2118 1162 2171 denique
1202 2119 1398 2159 Gaianam
1435 2122 1661 2160 orationem

86 2177 262 2215 ‘liberius
300 2181 497 2214 mutatam
536 2187 629 2214 esse
671 2180 863 2226 apparet,
912 2188 1037 2228 quam
1082 2182 1129 2216 ut
1173 2189 1314 2216 omnes
1362 2177 1660 2230 discrepantias

89 2239 255 2272 enotare
292 2233 353 2271 fas
386 2233 436 2270 sit
465 2254 520 2260 ——
550 2232 593 2270 id
625 2232 739 2284 quod
776 2233 942 2283 saepius
974 2234 1013 2271 in
1052 2233 1169 2272 libris
1203 2234 1508 2274 Institutionum
1541 2237 1662 2275 Iusti-

88 2291 198 2329 niani
228 2291 347 2328 tertio
380 2294 420 2328 et
451 2294 596 2340 quarto
619 2301 744 2340 quam
766 2290 807 2327 in
828 2289 946 2329 libris
967 2291 1099 2342 primo
1123 2296 1163 2329 et
1184 2291 1368 2331 secundo
1391 2292 1543 2331 factum
1567 2305 1661 2333 esse

89 2352 249 2387 constat
277 2369 345 2397 —,
377 2346 454 2384 hoc
486 2346 600 2397 signo
631 2347 788 2385 utimur
822 2347 977 2385 »confi«
1013 2346 1125 2399 (uide
1158 2361 1191 2386 e.
1226 2362 1262 2400 g.
1297 2350 1311 2387 Ι
1345 2349 1369 2399 ξ
1402 2349 1482 2396 39).

204 2405 248 2442 In
280 2403 427 2442 eodem
450 2402 758 2442 adnotationum
780 2402 980 2443 laterculo
1009 2404 1143 2444 sicubi
1165 2405 1290 2444 Gaius
1313 2407 1401 2456 ipse
1428 2406 1527 2446 alios
1552 2420 1662 2446 com-

87 2462 386 2500 mentariorum
419 2472 589 2498 suorum
620 2459 731 2499 locos
763 2462 869 2511 citat,
903 2473 972 2500 eos
1003 2462 1114 2501 locos
1147 2463 1232 2501 suis
1265 2464 1448 2502 numeris
1481 2465 1660 2517 signatos

86 2518 364 2557 iudicauimus
397 2516 508 2568 (uide
541 2529 574 2555 e.
609 2530 646 2569 g.
679 2517 694 2556 I
727 2516 752 2567 ἓ
785 2517 864 2567 39).

184 2653 238 2693 20)
264 2654 368 2693 Raro,
387 2652 449 2684 ubi
469 2661 558 2694 opus
578 2661 656 2683 esse
675 2653 793 2684 uisum
814 2656 877 2695 est,
898 2654 1051 2686 conferri
1071 2656 1242 2687 iussimus
1261 2656 1395 2688 similes
1413 2656 1510 2688 locos
1530 2659 1565 2689 in
1582 2658 1661 2690 aliis

86 2700 250 2740 “praeter
282 2698 525 2730 Institutiones
551 2698 714 2738 Gaianas)
741 2699 804 2731 Gai
830 2700 930 2732 libris
964 2703 1141 2742 extantes;
1176 2702 1259 2733 uide
1292 2712 1320 2734 e.
1347 2711 1379 2743 g.
1404 2703 1431 2734 11
1457 2703 1507 2742 ἐξ.
1529 2706 1579 2735 67.
1609 2707 1659 2736 70.
