1955 3131
412 730 750 785 PRAEFATIO
790 730 1085 785 GVILELMI
1121 729 1510 786 STVDEMVND.

299 996 441 1060 Crisis
486 1018 528 1056 in
567 1017 638 1056 Gai
679 1017 1011 1056 Institutionibus
1053 1016 1286 1055 exercenda
1324 1016 1481 1068 pendet
1524 1019 1750 1070 praecipue

173 1079 216 1113 et
246 1086 269 1113 a
300 1075 441 1114 codice
477 1075 704 1114 Veronensi
744 1074 875 1118 <nobis
911 1075 949 1121 Cy)
995 1073 1161 1112 saeculo
1202 1086 1241 1125 p.
1282 1074 1372 1113 Chr.
1415 1088 1454 1113 n.
1492 1077 1635 1127 quinto
1680 1076 1751 1115 uel

176 1137 291 1170 sexto
324 1134 476 1183 scripto
509 1137 549 1170 et
580 1131 632 1170 ab
665 1132 890 1183 excerptis,
930 1143 1038 1184 quae
1076 1133 1116 1169 in
1148 1131 1361 1169 Iustiniani
1394 1133 1570 1184 Digestis
1608 1138 1648 1171 et
1685 1134 1752 1171 In-

174 1189 457 1228 stitutionibus
488 1188 706 1240 leguntur3
740 1188 944 1227 accedunt
974 1190 1132 1226 minora
1164 1188 1395 1240 fragmenta
1417 1189 1570 1228 Gaiana
1600 1192 1751 1241 partim

175 1247 215 1284 in
261 1246 350 1286 aliis
396 1247 496 1285 iuris
535 1245 850 1284 collectionibus
889 1247 1039 1297 partim
1079 1244 1191 1296 apud
1234 1247 1523 1297 grammaticos
1571 1252 1750 1297 seruata,

174 1315 283 1354 quae
322 1304 586 1342 enumerauit
622 1302 798 1341 Adolfus
838 1302 1072 1341 Fridericus
1114 1301 1288 1341 Rudorff
1323 1303 1365 1341 in
1402 1305 1754 1342 commentationi-

175 1359 256 1398 bus
288 1362 426 1412 regiae
457 1359 694 1399 academiae
729 1361 995 1399 scientIarum
1036 1359 1311 1398 Berolinensis
1349 1371 1382 1398 a.
1426 1372 1627 1399 uncantxv
1658 1373 1749 1413 pag.

175 1417 256 1456 323
289 1430 333 1456 se
369 1430 406 1468 q.

290 1430 449 1514 Coffiiois
489 1474 740 1512 Veronensis
777 1473 968 1524 rescripti
1008 1473 1062 1524 (in
1104 1472 1357 1511 bibliotheca
1397 1473 1616 1524 capitulari
1657 1474 1753 1512 olim

174 1543 349 1570 numero
380 1531 451 1570 XV
480 1542 593 1569 nuno
631 1530 675 1567 13
710 1529 871 1582 signati)
908 1529 1121 1581 reliquias,
1161 1534 1368 1581 quotquot
1403 1530 1545 1582 legere
1583 1532 1619 1570 ei
1657 1544 1757 1570 con-

174 1589 275 1639 tigit,
308 1589 468 1639 primus
501 1587 724 1637 descripsit
761 1587 964 1626 Iohannes
987 1586 1222 1625 Fridericus
1262 1586 1500 1626 Ludouicus
1539 1588 1754 1627 Goeschen

175 1644 474 1696 opitulantibus
493 1644 749 1682 Immanuele
772 1644 936 1682 Bekker
957 1648 996 1682 et
1018 1644 1211 1682 Mauricio
1228 1642 1417 1696 Augusto
1436 1643 1488 1683 de
1506 1645 1754 1684 Bethmann-

175 1701 376 1754 Hollweg.
430 1702 513 1739 Hoc
544 1701 794 1752 apograph0‚
829 1700 943 1753 quod
964 1706 1109 1752 postea
1130 1702 1284 1752 passim
1314 1701 1555 1740 emendauit
1574 1702 1754 1741 Frideri-

174 1771 248 1798 cus
280 1758 467 1809 Bluhme,
506 1770 648 1796 omnes
687 1770 795 1810 quae
836 1763 930 1796 ant-e
962 1770 1117 1796 annum
1151 1758 1257 1795 1874
1299 1757 1458 1809 publici
1488 1760 1589 1798 iuris
1622 1759 1753 1799 sactae

175 1821 273 1855 sunt
304 1815 505 1855 editiones
537 1815 610 1854 Gai
640 1816 840 1854 nituntur.
894 1815 996 1855 Cum
1027 1820 1200 1866 propter
1230 1816 1515 1866 imperfectam
1547 1816 1700 1856 codicis
1727 1817 1756 1855 C

173 1873 393 1912 lectionem
424 1872 633 1924 permulta
666 1872 954 1911 emendatione
987 1877 1159 1924 egerent
1191 1877 1230 1911 et
1261 1872 1379 1911 multi
1410 1874 1489 1911 uiri
1519 1872 1627 1912 docti
1658 1874 1754 1913 huic

175 1942 344 1981 operam
378 1929 537 1980 darent,
571 1941 692 1968 nemo
715 1929 956 1968 Goescheno
979 1935 1050 1968 aut
1072 1928 1324 1968 concludere
1349 1929 1542 1968 subtilius
1567 1936 1638 1969 aut
1658 1943 1755 1982 pro-

176 1987 277 2026 bare
294 1988 429 2026 acrius
447 1988 703 2025 coniecturas
724 1988 878 2038 potuit3
899 1987 1087 2038 proxime
1111 1986 1164 2025 ad
1185 1986 1296 2025 hunc
1317 1986 1476 2026 accedit
1500 1988 1562 2026 uir
1585 1987 1636 2026 de
1655 1988 1752 2027 Gaio

175 2049 270 2096 post
308 2044 596 2083 Goeschenum
637 2045 790 2095 optime
828 2045 1001 2082 meritus
1039 2043 1253 2095 Philippus
1284 2043 1510 2083 Eduardus
1542 2045 1749 2084 Huschke.

289 2101 453 2140 Nouum
484 2101 636 2139 codicis
671 2101 701 2138 G
729 2101 1015 2152 apographum
1051 2101 1140 2152 ipse
1178 2101 1295 2139 annis
1330 2101 1450 2139 1866.
1487 2101 1608 2140 1867.
1644 2102 1752 2141 1868

176 2159 363 2197 Veronae
396 2158 553 2196 confeci
584 2163 625 2196 et
654 2158 774 2196 iussu
805 2157 1041 2196 academiae
1063 2158 1202 2210 regiae
1225 2158 1491 2197 scientiarum
1514 2158 1753 2198 Berolinen-

176 2216 232 2254 sis
265 2216 319 2253 ita
352 2220 543 2253 ornatum
576 2214 688 2253 edidi
720 2226 826 2253 anno
862 2215 983 2265 1874,
1016 2219 1062 2253 ut
1092 2216 1257 2253 ueritati
1278 2217 1509 2266 proximam
1531 2216 1752 2268 imaginem

175 2271 426 2322 redderet1).
480 2272 524 2310 In
545 2273 755 2322 prooemio
777 2272 873 2310 huic
894 2271 1144 2324 apographo,
1178 2271 1293 2323 quod
1317 2272 1364 2310 0²²
1384 2277 1480 2311 nota
1502 2273 1752 2324 significabi-

175 2341 281 2379 mus,
305 2330 536 2380 praemisso
560 2328 612 2367 de
641 2329 733 2367 fatis
763 2334 802 2367 et
824 2329 1064 2367 condicione
1086 2329 1238 2367 codicis
1265 2329 1295 2367 C
1314 2334 1396 2368 tam
1419 2331 1584 2380 copiose
1607 2332 1685 2382 egi,
1707 2336 1754 2369 ut

175 2387 241 2425 hic
270 2387 416 2437 paucis
448 2398 494 2425 ea
528 2385 751 2425 absoluere
782 2385 915 2436 liceat,
949 2398 1058 2438 quae
1089 2385 1142 2424 ad
1173 2386 1329 2425 librum
1352 2387 1634 2426 Veronensem
1657 2400 1754 2438 per-

174 2445 317 2482 tinent.
380 2444 472 2494 lpse
503 2442 705 2494 pleraque
737 2455 790 2481 ex
821 2444 893 2494 eis,
926 2455 1033 2494 quae
1066 2448 1159 2482 ante
1191 2455 1257 2482 me
1279 2443 1495 2482 Goeschen
1517 2448 1558 2482 et
1578 2444 1752 2484 Bluhme

269 2578 299 2618 1)
327 2579 426 2610 »Gaii
444 2578 714 2609 Institutionum
735 2578 987 2609 commentarii
1014 2581 1194 2618 quattuor.
1233 2577 1374 2609 Codicis
1392 2578 1607 2610 Veronensis
1634 2579 1752 2611 denuo

178 2624 298 2656 collati
332 2624 576 2665 apographum
609 2622 764 2654 confecit
789 2626 823 2654 et
847 2624 950 2655 iussu
981 2623 1190 2655 academiae
1217 2624 1333 2663 regiae
1359 2624 1592 2656 scientiarum
1620 2625 1752 2656 Beroli-

178 2671 299 2701 nensis
324 2670 438 2701 edidit
456 2669 655 2701 Guilelmus
674 2668 909 2701 Studemund.
948 2670 1087 2700 Prostat
1105 2669 1244 2710 Lipsiae
1270 2669 1366 2710 apud
1385 2669 1613 2702 Salomonem
1634 2670 1752 2703 Hirzel

177 2725 207 2747 a.
236 2717 355 2747 4874.‹
