1918 3110
676 226 789 232 —-
851 203 929 242 153
990 227 1102 232 —
1315 208 1599 247 1113247—249

174 330 389 378 perempta
440 330 565 378 atque
617 325 822 365 deteriora
874 327 977 365 facta
1024 328 1100 366 hoc
1145 328 1276 367 uerbo
1329 333 1597 372 continentur.

79 383 259 422 2⁴8Hoc
288 388 424 422 tamen
457 384 589 434 capite
621 395 703 422 non
743 385 885 436 quanti
924 385 964 423 in
1008 397 1055 423 eo
1097 397 1214 436 anno,
1261 386 1334 425 sed
1377 391 1516 439 quanti
1560 392 1598 428 in

175 439 324 479 diebus
354 453 428 479 xxx
457 440 656 492 proximis
679 453 725 480 ea
748 453 816 480 res
839 441 975 492 fuerit,
1009 441 1229 481 damnatur
1249 444 1283 481 is
1306 445 1376 495 qui
1405 444 1599 485 damnum

175 497 348 537 dederit.
411 509 458 536 ac
487 509 540 537 ne
571 509 729 536 PLvnnn
762 498 932 550 quidem
970 498 1149 538 uerbum
1189 499 1375 539 adicitur.
1438 507 1477 540 et
1508 503 1599 541 ideo

174 554 344 607 quidam
358 560 617 607 putauerunt
634 555 814 594 liberum
841 567 933 594 esse
965 555 1090 595 iudici
1110 557 1176 595 uel
1197 557 1250 596 ad
1281 557 1323 595 id
1354 562 1518 609 tempus
1551 570 1632 597 exn

175 612 325 651 diebus
347 625 421 651 xxx
442 612 765 652 aestimationem
798 612 1002 665 redigere,
1037 626 1118 665 quo
1150 613 1316 665 plurimi
1340 613 1354 667 Η
1376 627 1444 654 res
1467 615 1599 667 fuerit,
1616 631 1692 664 pag.
1712 626 1774 654 485

172 669 244 708 uel
275 669 327 708 ad
358 669 400 709 id
432 682 511 722 quo
542 670 711 709 minoris
742 669 877 709 fuerit.
947 669 1021 709 sed
1053 670 1203 710 Sabino
1243 672 1398 723 placuit
1428 672 1601 723 proinde

173 726 433 778 habendum,
468 739 515 765 ac
542 728 580 766 si
606 727 729 766 etiam
758 727 836 766 hac
856 732 973 778 parte
996 740 1156 767 PLVRIMJ
1184 729 1363 768 uerbum
1395 729 1602 769 adiectum

175 788 303 834 esset;
348 796 444 822 nam
482 784 585 836 legis
625 784 798 824 latorem
836 790 1073 823 contentum
1119 786 1266 837 fuisse,
1313 785 1440 838 <quod
1468 788 1602 838 prima

77 842 289 892 Qi9parce
319 853 360 880 eo
391 840 512 880 uerbo
542 853 643 880 usus
674 846 788 881 esset.
847 841 1049 894 Ceterum>
1079 842 1235 893 placuit
1264 844 1319 882 ita
1351 843 1517 883 demum
1551 854 1655 883 exio

173 899 249 937 ista
279 898 372 951 lege
403 899 604 938 actionem
638 911 750 950 esse,
791 899 824 938 si
865 900 958 951 quis
990 911 1161 950 corpore
1194 913 1267 939 suo
1301 900 1498 940 damnum
1531 900 1603 940 de-

174 955 298 1004 derit3
331 955 502 1008 ideoque
534 955 612 995 alio
643 956 766 996 modo
799 956 950 995 damno
973 956 1067 996 dato
1089 957 1212 996 utiles
1235 959 1413 997 actiones
1437 958 1599 1009 dantur,

172 1012 306 1052 ueluti
337 1013 370 1051 si
401 1014 495 1065 quis
527 1013 709 1053 alienum
741 1013 949 1052 hominem
985 1018 1054 1052 aut
1082 1015 1287 1065 pecudem
1319 1015 1532 1054 incluserit
1563 1021 1602 1054 et

169 1068 282 1121 fame
313 1071 542 1122 necauerit,
584 1075 654 1110 aut
688 1072 920 1110 iumentum
958 1075 1040 1109 tam
1070 1072 1341 1111 uehementer
1373 1073 1518 1124 egerit,
1556 1078 1602 1110 ut

172 1132 461 1179 rumperetur3
508 1129 605 1167 item
649 1128 682 1167 si
723 1129 816 1180 quis
849 1128 982 1167 alieno
1016 1141 1138 1167 seruo
1169 1131 1442 1181 persuaserit,
1485 1134 1531 1168 ut
1560 1131 1655 1168 init,

172 1184 365 1224 arborem
397 1184 644 1225 ascenderet
664 1185 734 1225 uel
756 1187 797 1224 in
818 1191 992 1237 puteum
1016 1185 1299 1238 descenderet,
1333 1191 1373 1225 et
1403 1187 1435 1225 is
1457 1198 1601 1225 ascen-

173 1241 310 1281 dendo
348 1247 419 1281 aut
458 1242 753 1282 descendendo
793 1243 987 1282 ceciderit
1027 1242 1105 1295 <et>
1145 1248 1215 1282 aut
1252 1248 1439 1283 mortuus
1476 1244 1600 1282 fuerit

172 1304 243 1338 aut
282 1299 423 1352 aliqua
461 1305 579 1351 parte
620 1301 802 1352 corporis
846 1301 985 1340 laesus
1018 1301 1087 1350 sit3
1134 1301 1202 1339 secl
1233 1302 1265 1340 si
1298 1302 1389 1353 quis
1421 1300 1599 1340 alienum

171 1368 342 1396 seruum
375 1357 427 1397 de
456 1362 582 1408 ponte
614 1363 683 1397 aut
711 1358 800 1409 ripa
831 1359 871 1397 in
904 1358 1060 1397 flumen
1090 1359 1311 1409 proiecerit
1341 1364 1380 1398 et
1410 1359 1443 1397 is
1475 1358 1600 1397 suffo-

172 1418 287 1454 catus
327 1414 468 1466 fuerit,
508 1427 676 1466 corpore
716 1427 791 1455 suo
833 1415 1031 1454 damnum
1069 1415 1231 1454 dedisse
1270 1428 1316 1455 eo
1356 1415 1466 1467 quod
1506 1425 1654 1466 pro-20

171 1471 313 1511 iecerit
343 1484 425 1511 non
457 1471 681 1512 difficiliter
710 1472 895 1525 intellegi
926 1477 1073 1524 potest.

170 1551 237 1560 We!
1217 1550 1413 1558 mmm

841 1551 879 1558 x›»
892 1550 1059 1558 «xm-»mx-

261 1587 279 1626 ξ
307 1588 371 1618 248
404 1595 517 1627 usque
548 1586 593 1618 ad
627 1587 642 1617 4
676 1587 824 1618 adicitur
850 1600 890 1614 =
919 1587 1000 1618 inst.
1030 1588 1059 1623 4,
1090 1588 1120 1624 3,
1150 1588 1190 1617 44
1219 1588 1253 1618 et
1282 1589 1335 1625 ⁴53
1378 1587 1396 1625 ξ
1422 1589 1484 1617 248
1520 1586 1600 1617 inde

168 1631 212 1664 ab
240 1634 256 1663 7
284 1633 341 1664 sed
366 1631 440 1664 fere
468 1645 508 1658 =
535 1632 618 1664 Inst.
646 1633 676 1671 4,
708 1634 737 1672 3,
765 1635 805 1664 45
831 1630 843 1674 ΙΙ
866 1633 885 1672 ξ
904 1634 968 1664 249
997 1631 1068 1663 fere
1095 1645 1135 1659 =
1162 1633 1244 1663 Inst.
1274 1634 1301 1666 4,
1332 1634 1361 1670 3,
1390 1634 1441 1662 46.

1310 1698 1435 1707 ἏΓπ-κκ
1444 1698 1531 1707 *em-xx»
1540 1704 1546 1706 .
1561 1698 1601 1706 ,κῆ

899 1699 913 1707 J
932 1699 995 1708 xxx,

261 1736 278 1765 3
320 1735 493 1776 proximis
526 1734 619 1774 Inst„
662 1743 860 1776 proxumus
894 1734 919 1766 C
958 1733 970 1776 11
1010 1743 1047 1766 ea
1079 1733 1113 1775 C,
1146 1743 1207 1765 om.
1238 1735 1316 1766 [nst.
1357 1731 1369 1775 ΙΙ
1411 1734 1602 1765 damnatur

173 1780 359 1820 Goeschen,
387 1781 535 1812 damnat
562 1779 602 1822 C,
630 1780 807 1821 obligatur
834 1780 913 1812 Inst.
939 1779 950 1823 H
975 1783 992 1812 5
1020 1781 1288 1821 puputauerunt
1317 1778 1342 1811 C
1365 1776 1377 1820 Η
1404 1779 1515 1811 iudici
1544 1780 1597 1811 uei

170 1827 366 1867 Mommsen,
392 1827 567 1858 iudicium
598 1825 623 1858 C
650 1824 663 1868 ll
695 1828 713 1857 7
740 1835 811 1867 quo
841 1825 1027 1864 Gooschen,
1062 1825 1157 1866 quod
1188 1825 1213 1858 C
1235 1823 1248 1867 11
1272 1828 1330 1856 aut
1360 1824 1511 1865 proinde
1542 1830 1601 1856 aut

169 1872 318 1913 perinde
347 1871 402 1914 ΟΠ,
433 1871 584 1913 perinde
614 1872 708 1911 Insa,
741 1872 827 1913 conf.
857 1871 900 1903 Ca
921 1881 1001 1912 paq.
1026 1874 1092 1905 286
1115 1873 1199 1903 med.
1240 1869 1251 1914 Η
1293 1874 1308 1901 8
1342 1870 1547 1902 hauendum
1577 1870 1601 1902 C

169 1918 373 1950 habendam
400 1918 686 1950 aestimationem
716 1919 794 1950 Inst.
819 1915 831 1961 ΙΙ
856 1918 886 1950 si
913 1919 1020 1950 eiiam
1047 1917 1142 1953 inst„
1173 1919 1226 1949 set
1253 1916 1278 1948 C
1300 1914 1312 1958 {l
1336 1915 1482 1957 plurimi
1509 1916 1599 1955 Inst.,

168 1964 336 2005 plurimir
359 1965 413 1995 uel
438 1964 607 2006 plurimip
637 1963 662 1996 C
700 1962 712 2007 Η
751 1967 769 1996 9
796 1966 891 1995 esset
919 1963 953 2002 G,
983 1963 1109 1995 fuisset
1135 1963 1212 1994 [nst.
1254 1962 1266 2004 Η
1306 1963 1391 2000 legis
1420 1961 1599 2001 GoeoeIzen,

170 2009 308 2050 legibus
343 2008 367 2042 C
406 2007 418 2051 ΙΙ
457 2009 568 2042 fuisse
604 2010 703 2051 Insa,
737 2009 845 2041 fuisse
877 2012 911 2040 et
945 2009 970 2041 C
1006 2007 1018 2050 11
1058 2011 1166 2041 9-40
1203 2006 1244 2050 <>
1276 2008 1427 2038 additum
1461 2008 1600 2038 ducibus

170 2055 441 2088 [mutationibus
478 2054 491 2097 11
531 2058 565 2087 44
601 2056 666 2088 ista
689 2055 723 2097 C,
751 2057 816 2087 hac
842 2056 922 2087 [nst.
950 2055 1166 2095 (concinnius)
1214 2053 1218 2096 Ι
1259 2061 1405 2093 corpore
1435 2052 1468 2093 C,
1495 2061 1598 2093 prae-

169 2102 273 2142 cipue
299 2109 449 2143 corpore
475 2101 556 2134 Inst.
596 2099 609 2143 ΙΙ
649 2103 690 2133 42
723 2101 877 2142 ideoque
906 2102 1005 2141 Inst.,
1037 2109 1108 2141 quo
1137 2099 1162 2132 C
1200 2098 1204 2141 1
1254 2099 1385 2130 dantur
1414 2098 1596 2135 Goeschen,

169 2146 256 2179 dant
299 2146 333 2188 C,
374 2147 452 2179 dari
492 2147 610 2179 solent
650 2147 731 2179 Inst.
770 2146 782 2190 ΙΙ
824 2149 863 2178 43
906 2147 1063 2178 alienum
1105 2146 1286 2177 hominem
1332 2144 1374 2185 C,
1416 2144 1596 2175 hominem

168 2193 323 2224 alienum
374 2193 453 2225 Inst.
500 2190 512 2235 Η
559 2195 621 2225 θυι
669 2193 760 2235 Ιηει.,
811 2202 855 2225 an
908 2192 933 2224 C
973 2190 985 2233 ΙΙ
1024 2191 1198 2233 pecudem
1244 2190 1285 2228 C,
1332 2197 1437 2230 pecus
1480 2190 1561 2220 Insc.
1589 2188 1600 2230 Η

169 2240 300 2270 43-44
340 2239 526 2270 incluserit
563 2241 599 2270 et
628 2239 723 2270 iame
756 2239 941 2271 necauerit
977 2238 1016 2279 C,
1053 2239 1098 2268 ita
1131 2237 1317 2268 incluserit
1347 2237 1385 2266 ut
1419 2234 1509 2265 famo
1536 2244 1597 2266 no-

167 2285 310 2316 caretur
342 2285 422 2316 Inst.
462 2281 473 2328 ΙΙ
513 2286 555 2317 45
593 2286 677 2317 item
717 2284 758 2327 C,
799 2286 861 2317 aut
897 2292 1008 2324 pecus
1046 2284 1080 2314 in
1119 2285 1254 2314 tantum
1293 2281 1524 2320 exagitauerit
1561 2282 1599 2311 ut

167 2330 464 2372 praecipitaretur
497 2332 557 2362 aut
584 2331 663 2363 Inst.
704 2327 716 2374 ΙΙ
757 2333 797 2362 46
825 2332 853 2362 is
882 2331 978 2370 Inst„
1011 2330 1040 2360 si
1069 2328 1094 2361 C
1130 2327 1142 2370 Η
1185 2330 1224 2358 47
1260 2330 1320 2358 aut
1346 2325 1598 2357 descendendo

168 2375 340 2408 ceciderit
380 2378 415 2407 et
453 2378 512 2407 aut
553 2380 717 2409 mortuus
763 2376 933 2409 Goeschen
974 2376 1019 2410 (in
1060 2373 1307 2414 adnotatione),
1349 2373 1410 2403 aut
1450 2370 1600 2402 descen-

168 2422 286 2454 dendo
334 2421 490 2454 cecideri
538 2424 599 2454 aut
649 2424 812 2455 mortuus
858 2421 900 2462 C,
942 2421 996 2452 uei
1042 2419 1294 2451 descendendo
1336 2419 1396 2448 aut
1437 2419 1598 2447 mortuus

168 2468 248 2500 Jnst.
287 2467 448 2507 (fortasse
472 2469 572 2508 recte)
615 2466 628 2509 ΙΙ
668 2470 709 2500 48
748 2469 794 2500 sit
821 2467 857 2508 G,
901 2468 968 2498 erit
1006 2466 1085 2497 Just.
1126 2464 1139 2507 ΙΙ
1179 2465 1238 2496 sed
1272 2465 1371 2504 lust„
1405 2463 1511 2502 itcmp
1541 2461 1600 2504 ΘΗ

169 2515 208 2544 49
241 2522 387 2546 seruum
425 2514 521 2552 inst„
559 2511 763 2553 siseruum‘?
804 2513 848 2546 C¹¹
888 2510 900 2555 11
940 2514 1001 2544 aut
1027 2512 1128 2551 Inst.,
1154 2519 1197 2542 an
1229 2509 1253 2541 C
1292 2510 1302 2549 ξ’
1344 2509 1535 2549 proiecerit
1563 2506 1597 2548 C,

167 2559 342 2591 deiecerit
378 2560 460 2591 lust.
505 2557 517 2601 ΙΙ
555 2561 694 2592 20-24
739 2569 890 2601 corpore
931 2567 996 2590 suo
1035 2557 1202 2588 damnum
1242 2555 1384 2586 dedisse
1422 2563 1463 2585 eo
1501 2553 1598 2593 quod

167 2605 372 2646 proiecerit]
403 2614 546 2646 quoque
581 2607 649 2644 (uel
673 2605 850 2647 quamuis)
883 2605 941 2635 hic
975 2610 1126 2643 corpore
1153 2611 1216 2633 suo
1243 2600 1412 2631 damnum
1440 2599 1599 2630 dedisset

167 2659 208 2683 eo
235 2651 331 2692 quod
358 2651 553 2692 proiecerit
580 2650 622 2693 C,
655 2661 696 2683 eo
723 2651 819 2693 quod
852 2649 1045 2691 proiecerit
1071 2656 1221 2687 corpore
1248 2654 1311 2677 suo
1337 2644 1506 2675 damnum
1534 2644 1598 2675 de-

166 2696 262 2729 disse
289 2697 385 2728 Inst.:
413 2706 454 2728 eo
481 2696 576 2737 quod
595 2698 790 2738 proiecerit
806 2696 1001 2737 ylossemati
1017 2694 1176 2725 adscribit
1196 2693 1376 2723 Mommsen
1396 2688 1407 2733 ΙΙ
1425 2693 1459 2721 24
1487 2692 1601 2731 potest

169 2741 203 2784 C,
230 2745 358 2783 poterit
385 2743 464 2774 [nst.
