1872 3095
860 221 1072 249 XI—-—

91 335 204 389 quod
236 336 307 388 qui
337 335 543 387 maluerit,
576 334 684 373 facili
705 335 868 385 negotio
899 334 996 372 talia
1035 333 1274 372 emendabit
1306 333 1432 385 quale
1465 333 1571 372 illud
1603 340 1665 372 est

91 394 106 431 I
139 393 165 442 ξ
199 393 278 431 192
311 390 417 445 (pag.
453 393 518 443 43,
552 391 602 430 17
634 392 757 430 huius
790 389 995 442 editionis)
1027 390 1338 443 obliycztz'onz'sue
1370 390 1664 441 suscipiendae.

86 450 276 489 Eandem
306 450 620 488 inconstantiam
651 448 693 486 in
722 447 951 486 uerborum
993 447 1126 486 modis
1165 446 1414 486 adhibendis
1451 459 1533 485 non
1572 459 1666 485 raro

91 519 186 546 cum
220 507 249 544 C
278 519 529 545 conseruare
560 504 704 543 malui:
737 504 870 543 ueluti
903 505 917 543 1
950 504 976 555 ξ
1009 503 1060 542 76
1094 502 1200 557 (pag.
1238 504 1302 554 19,
1337 504 1387 542 24
1421 504 1546 542 huius
1576 504 1666 542 edi-

89 562 225 614 tionis)
267 568 462 615 expectes
501 561 707 601 conubium
743 562 826 611 sit,
867 562 883 599 I
916 561 941 612 ξ
977 556 1077 599 1951)
1115 560 1219 613 (pag.
1256 561 1320 611 44,
1363 560 1428 611 14)
1469 565 1665 611 expectes

91 620 285 670 dederit,
329 626 404 659 etc.
466 620 549 658 Nec
584 623 722 656 tamen
761 619 871 656 inani
910 618 1160 670 prudentiae
1192 617 1317 656 laude
1350 617 1437 656 sola
1469 617 1664 656 delector.

91 678 199 724 Quin
231 679 354 716 etiam
385 677 523 716 nescio
555 687 606 713 an
639 675 848 714 nonnullis
881 674 979 714 loc-is
1011 675 1175 727 longius
1208 687 1333 727 quam
1369 686 1447 725 par
1478 679 1542 712 est
1571 686 1668 725 pro-

92 747 262 786 gressus
296 736 371 773 sim
402 735 442 772 in
474 731 745 784 perpolienda
777 733 961 771 oratione
993 732 1163 771 Gaiana:
1207 733 1265 770 sic
1296 731 1465 770 uidetur
1497 731 1667 783 quidem

91 792 189 830 Gaio
230 793 272 830 in
308 790 660 840 Institutionibus,
708 790 741 827 si
779 789 909 828 codici
944 789 973 827 C
1002 789 1108 828 fides
1140 788 1336 828 habenda
1376 794 1458 839 est,
1503 788 1664 840 ubique

91 848 213 887 reddi
243 860 366 899 posse
397 846 565 898 proinde
596 846 727 884 forma
759 843 877 898 (conf.
915 846 963 885 Ca
992 858 1086 898 pag.
1121 844 1234 898 986);
1268 851 1448 884 attamen
1471 845 1669 884 confiten-

93 905 193 944 dum
239 910 301 943 est
336 906 377 943 in
416 905 474 942 eis
515 903 779 954 fragmentis,
826 915 934 954 quae
974 905 1046 955 qui
1087 904 1205 941 iussu
1251 903 1465 942 Iustiniani
1502 903 1668 954 Digesta

92 961 424 1013 compilauerunt
462 972 514 999 ex
550 960 640 999 aliis
678 957 859 1012 (praeter
899 961 1191 1011 Institutiones)
1225 959 1298 998 Gai
1336 959 1456 998 libris
1495 971 1668 1010 excerp-

92 1024 247 1069 serunt,
287 1019 445 1068 Gaium,
485 1018 518 1056 si
548 1017 612 1056 his
643 1017 820 1056 testibus
853 1016 959 1055 fides
990 1017 1185 1056 habenda
1217 1022 1291 1066 est,
1331 1017 1462 1055 multo
1500 1017 1667 1066 saepius

90 1076 260 1128 perinde
297 1074 500 1114 aduerbio
538 1086 664 1113 usum
703 1086 795 1113 esse
837 1086 963 1126 quam
1000 1074 1179 1124 proinde.
1252 1075 1467 1112 Nescimus
1513 1078 1665 1123 autem,

93 1145 175 1185 qua
204 1132 400 1171 libertate
432 1131 720 1182 compilatores
753 1132 968 1170 Iustiniani
999 1132 1193 1170 orationis
1229 1132 1510 1182 antiquiorum
1546 1131 1669 1169 iuris-

91 1189 376 1229 consultorum
408 1188 581 1227 formam
621 1189 892 1227 mutauerint:
936 1200 970 1227 e.
1009 1201 1045 1240 g.
1084 1187 1263 1227 testibus
1302 1189 1478 1239 Digestis
1521 1188 1586 1237 45,
1631 1187 1665 1237 1,

94 1247 187 1298 141,
221 1248 245 1285 Ξ),
277 1247 402 1285 Gaius
435 1245 565 1284 semel
597 1246 762 1296 scripsit
787 1244 958 1296 proinde
993 1258 1041 1284 ac
1077 1245 1124 1283 si
1156 1241 1529 1297 paterfarm‘lms11),
1570 1243 1668 1282 alibi

92 1308 328 1344 constanter
357 1302 526 1354 proinde
556 1314 604 1341 ac
634 1300 737 1355 (sine
769 1300 817 1354 sz')
849 1303 889 1340 in
912 1301 1115 1341 eiusmodi
1137 1301 1438 1351 locutionibus3
1471 1302 1551 1340 iam
1573 1314 1668 1340 cum

92 1363 108 1401 Ι
141 1362 166 1412 ἓ
201 1361 280 1399 148
318 1358 424 1412 (pag.
464 1360 529 1409 36,
569 1361 592 1398 9
630 1360 755 1398 huius
793 1358 999 1411 editionis)
1039 1359 1173 1398 codex
1207 1359 1236 1397 C
1265 1359 1466 1410 praebeat
1496 1358 1669 1410 proinde

93 1431 140 1458 ac
171 1419 211 1456 si
248 1417 368 1468 filiae,
405 1417 517 1455 hunc
555 1415 846 1455 soloecismum
884 1418 962 1467 ipsi
1000 1416 1098 1454 Gaio
1132 1415 1320 1454 tribuere
1356 1417 1491 1466 prima
1529 1416 1668 1466 specie

91 1477 165 1515 uix
216 1476 439 1526 quisquam
486 1472 758 1521 dubitauerit;
810 1478 990 1512 attamen
1037 1485 1131 1511 cum
1177 1474 1217 1510 in
1264 1472 1413 1511 eodem
1458 1473 1669 1511 enuntiato

93 1532 123 1584 (Ι
156 1532 181 1583 ξ
216 1530 309 1584 148)
341 1531 466 1569 Gaius
497 1535 602 1569 teste
635 1530 783 1569 eodem
815 1529 955 1569 codice
981 1530 1010 1568 C
1030 1530 1243 1580 scripserit
1270 1529 1440 1581 proinde
1472 1542 1519 1568 ac
1550 1530 1668 1580 nepti,

91 1602 175 1628 non
202 1588 374 1639 proinde
406 1599 453 1626 ac
483 1588 521 1625 δι’
549 1588 670 1638 nepti,
707 1586 959 1638 elegantiore
990 1587 1123 1625 forma
1154 1588 1276 1625 etiam
1308 1588 1348 1625 in
1379 1587 1518 1637 priore
1544 1586 1669 1625 huius

93 1646 292 1686 enuntiati
322 1649 440 1696 parte
472 1656 597 1683 usum
630 1655 722 1683 esse
754 1643 901 1682 Gaium
932 1656 1096 1682 mecum
1134 1645 1380 1682 consenties.
1443 1644 1512 1682 His
1545 1648 1586 1682 et
1617 1644 1671 1682 si-

92 1703 262 1742 milibus
295 1701 498 1753 exemplis
530 1702 688 1739 cautior
718 1700 851 1739 factus
882 1702 923 1739 in
955 1705 1194 1739 contextum
1224 1712 1307 1739 non
1337 1701 1479 1752 recepi
1500 1701 1578 1739 nisi
1601 1712 1670 1739 eas

94 1759 423 1809 emendationes,
471 1770 579 1810 quae
611 1758 699 1797 sere
730 1762 866 1796 certae
898 1757 1166 1808 uiderentur,
1214 1769 1262 1796 ac
1298 1770 1351 1796 ne
1387 1759 1429 1796 in
1467 1763 1671 1809 apparatu

94 1818 231 1864 critico
264 1816 436 1869 quidem
466 1815 668 1866 adscrIpsi
697 1816 777 1853 nisi
808 1814 982 1854 selectas
1013 1816 1202 1853 uirorum
1225 1814 1442 1853 doctorum
1463 1816 1672 1853 coniectu-

93 1886 174 1925 ras,
207 1885 314 1926 quae
347 1873 486 1925 aliqua
520 1871 814 1923 probabilitate
852 1871 1256 1911 commendarentur.
1315 1872 1510 1911 Ceterum
1549 1873 1671 1910 etiam

95 1943 239 1970 earum
271 1930 608 1969 emendationum
639 1929 709 1968 uel
741 1930 1056 1979 correctionum,
1089 1941 1193 1980 quas
1215 1928 1324 1967 facili
1345 1929 1509 1980 negotio
1532 1930 1670 1981 quiuis

94 1988 219 2040 paulo
257 1987 414 2027 doctior
450 1987 587 2038 saciat,
634 1987 816 2037 primum
852 1990 1063 2025 auctorem
1099 1986 1187 2025 fere
1227 1985 1384 2038 ubique
1416 1985 1562 2035 adieci3
1612 1991 1672 2024 at-

94 2051 231 2084 tamen
261 2056 402 2083 meum
440 2055 593 2082 nomen
631 2055 841 2095 nusquam
871 2043 1100 2094 adscripsi,
1147 2043 1342 2094 quoniam
1377 2055 1460 2081 non
1491 2047 1574 2081 tam
1605 2055 1672 2081 re-

95 2101 294 2141 censendi
325 2101 397 2140 Gai
430 2113 555 2153 quam
585 2101 881 2139 intermortuae
914 2101 1144 2150 scripturae
1185 2099 1337 2138 codicis
1373 2099 1402 2137 C
1429 2099 1671 2151 plenissime

94 2157 392 2210 reciperandae
415 2163 456 2196 et
476 2156 818 2209 corrigendorum
838 2156 1080 2209 uulgarium
1100 2156 1224 2196 huius
1248 2156 1400 2195 codicis
1422 2156 1671 2195 mendorum

95 2227 249 2255 munus
295 2213 348 2253 ad
392 2227 458 2252 me
502 2215 764 2265 potissimum
793 2214 1014 2265 pertinuit,
1062 2219 1102 2253 et
1139 2226 1238 2253 sane
1283 2215 1481 2265 pauperis
1518 2214 1673 2266 ingenii

96 2285 190 2312 esse
222 2284 275 2311 ex
313 2270 689 2310 einendatiunculis
728 2270 889 2309 facilem
929 2270 1102 2323 gloriam
1144 2282 1347 2323 quaerere
1380 2268 1672 2322 Lachmann12)

96 2342 171 2369 suo
211 2330 301 2368 iure
341 2328 510 2366 monuit.
581 2327 740 2374 Quodsi
787 2329 880 2379 quis
926 2328 1225 2379 amplissimam
1271 2329 1604 2366 coniecturarum
1650 2339 1672 2366 a

95 2388 197 2426 uiris
229 2386 359 2425 doctis
392 2385 715 2436 excogitatarum
747 2385 906 2436 copiam
937 2397 1188 2437 cognoscere
1220 2384 1338 2435 uelit,
1381 2386 1415 2424 is
1447 2383 1571 2423 adeat
1600 2384 1672 2424 Gai

97 2443 298 2483 editiones
339 2441 391 2481 ab
429 2441 626 2480 Eduardo
668 2442 873 2493 Boecking
912 2453 1018 2480 anno
1064 2443 1170 2480 1866
1212 2442 1371 2493 Lipsiae
1410 2446 1595 2480 curatam
1634 2446 1674 2480 et

96 2501 149 2540 ab
182 2501 354 2539 Ernesto
385 2498 542 2539 Dubois
574 2510 680 2537 anno
715 2498 814 2537 1881
855 2500 1018 2538 Parisiis
1049 2498 1209 2550 publici
1240 2499 1342 2537 iuris
1375 2498 1536 2537 factam.

191 2602 243 2642 11)
268 2602 317 2633 De
342 2600 532 2632 Iustiniani
550 2599 821 2632 Institutionum
847 2608 917 2632 usu
943 2600 1111 2641 loquendi
1139 2600 1232 2632 conf.
1252 2600 1443 2632 Eduardus
1463 2600 1582 2641 Grupe
1609 2600 1674 2632 >de

98 2648 285 2679 Iustiniani
310 2647 578 2678 Institutionum
614 2647 897 2687 compositione«
926 2647 1151 2686 Argentorati
1179 2647 1265 2677 4884
1301 2646 1348 2687 (in
1374 2645 1672 2678 Dissertationum

99 2693 397 2733 Philologicarum
422 2692 778 2732 Argentoratensium
802 2692 990 2723 uolumine
1018 2691 1077 2731 IX)
1103 2692 1153 2730 §⁴
1186 2700 1238 2723 nr.
1259 2693 1288 2722 3.

190 2739 243 2779 12)
268 2737 382 2770 Praei.
408 2738 454 2769 ad
479 2738 620 2769 Terent.
647 2737 756 2768 Maur.
783 2745 860 2778 pag.
880 2746 936 2770 vu.
