1892 3095
282 155 549 191 11§253—255
801 177 910 181 --
970 153 1022 192 96
1083 175 1192 181 „-

282 281 460 319 actiones
493 293 599 332 quae
633 282 720 318 iure
753 279 864 318 ciuili
896 278 1038 317 heredi
1071 283 1111 316 et
1141 279 1180 316 in
1203 277 1399 316 heredem
1428 282 1704 330 conpeterent,

281 336 361 388 (ei)
392 342 433 377 et
462 339 501 376 in
524 350 618 376 euin
643 337 852 387 darentur,
886 337 949 374 cui
973 348 1023 374 ex
1046 334 1361 373 fideicommisso
1384 336 1571 374 restituta
1599 339 1709 374 esset

282 394 503 434 hereditas.
547 406 622 445 p‹1
654 393 764 445 quod
798 392 1205 432 senatusconsultum
1244 392 1457 430 desierunt
1486 391 1581 431 illae
1611 404 1709 431 cau-

283 453 412 491 tiones
443 453 484 491 in
515 463 596 490 usu
627 451 783 489 hiberi.
828 450 842 502 Η
883 455 1049 501 praetor
1086 450 1194 488 enim
1230 448 1353 487 utiles
1391 451 1569 488 actiones
1601 450 1637 487 ei
1669 454 1796 496 etpag.
1815 457 1879 489 uo

283 509 323 547 in
367 521 462 548 eum
502 509 573 561 qui
613 508 769 558 recepit
811 506 1080 546 hereditatem
1121 507 1239 557 quasi
1269 505 1413 545 heredi
1445 511 1485 545 et
1514 507 1555 544 in
1584 506 1739 545 here-5
1882 463 1892 587 l

188 565 378 604 effidem
411 565 510 605 dare
543 566 687 616 coepit,
721 576 874 615 <aeque
906 565 945 602 in
979 563 1110 602 edicto
1142 568 1442 614 proponuntur.
1503 562 1587 603 Sed
1616 574 1710 601 rur-

283 635 353 661 sus
386 624 482 674 quia
514 621 690 661 heredes
732 623 891 672 scripti,
933 633 1026 659 cum
1069 626 1140 659 aut
1169 625 1294 658 totam
1332 619 1602 660 hereditatem
1639 624 1710 658 aut
1881 655 1883 665 ,

284 692 413 730 paene
450 684 573 717 totam
610 678 860 729 plerumque
896 680 1114 717 restituere
1145 677 1410 729 rogabantur,
1444 676 1558 716 adire
1590 677 1709 716 here·
1882 652 1892 725 il

282 736 449 774 ditatem
481 736 533 775 ob
566 735 728 774 nullum
760 740 830 774 aut
860 736 1072 773 minimum
1104 735 1265 773 lucrum
1292 734 1552 785 recusabant,
1585 738 1708 785 atque
1882 730 1883 776 ἶ

282 793 334 831 ob
373 793 415 831 id
453 792 804 844 extinguebantur
834 791 1172 842 fideicommissa,
1204 796 1345 842 postea
1377 792 1530 843 Pegaso
1562 795 1603 830 et
1632 791 1763 830 Pu-io
1880 790 1883 821 ἱ

282 852 394 889 sione
425 848 697 900 <consulibus>
735 854 902 888 senatus
934 850 1109 898 censuit,
1148 853 1194 887 ut
1231 850 1266 887 ei
1299 850 1368 900 qui
1405 853 1573 900 rogatus
1605 852 1711 887 esset
1881 847 1883 854 “

282 906 550 945 hereditatem
582 907 823 956 restituere,
856 905 1030 957 proinde
1061 906 1203 945 liceret
1234 910 1423 957 quartam
1454 909 1612 956 partem
1643 917 1710 943 re-

281 966 423 1014 tinere,
456 969 581 1016 atque
613 977 635 1002 e
667 963 758 1015 lege
790 962 968 1002 Falcidia
999 963 1039 1002 in
1071 963 1215 1014 legatis
1247 964 1425 1001 retinere
1456 961 1706 1001 conceditur.

281 1020 347 1071 (ex
377 1021 549 1073 singulis
582 1033 749 1072 quoque
780 1020 920 1070 rebus,
960 1032 1067 1072 quae
1096 1032 1171 1070 per
1191 1019 1555 1059 fideicommissum
1585 1017 1710 1058 relin-

281 1083 442 1129 cuntur,
476 1078 623 1117 eadem
655 1079 826 1116 retentio
866 1078 1071 1128 permissa
1103 1076 1191 1127 est.)
1254 1088 1330 1128 per
1369 1075 1482 1128 quod
1521 1080 1764 1115 senatus-⁴5

281 1135 515 1174 consultum
547 1136 635 1186 ipse
666 1133 824 1186 <heres>
855 1146 981 1173 onera
1011 1133 1259 1173 hereditaria
1291 1135 1477 1173 sustinet.
1538 1132 1605 1172 ille
1637 1145 1711 1172 au-

280 1197 384 1243 tem,
431 1193 502 1244 qui
554 1205 606 1231 ex
637 1191 954 1230 fideicommisso
1004 1191 1210 1243 reliquam
1260 1195 1419 1242 partem
1468 1189 1709 1229 hereditatis

281 1250 442 1301 recipit,
484 1249 668 1301 legatarii
699 1249 882 1300 partiarii
912 1248 1000 1286 loco
1033 1253 1107 1299 est,
1139 1247 1183 1287 id
1215 1253 1278 1286 est
1307 1249 1396 1287 eius
1427 1247 1613 1299 legatarii
1645 1247 1710 1286 cui

280 1319 376 1358 pars
407 1306 612 1345 bonorum
644 1305 823 1358 legatum
856 1317 963 1357 quae
996 1306 1154 1356 species
1187 1304 1308 1356 legati
1338 1305 1500 1356 partitio
1522 1308 1707 1354 uocatur,

282 1366 378 1415 quia
423 1376 516 1402 cum
562 1363 717 1402 herede
763 1363 986 1414 legatarius
1032 1363 1208 1413 partitur
1252 1361 1534 1401 hereditatem.
1597 1361 1764 1400 undezo

280 1421 472 1460 effectum
505 1425 577 1470 est,
611 1425 657 1459 ut
688 1432 794 1472 quae
827 1418 959 1458 solent
989 1419 1275 1471 stipulationes
1306 1420 1412 1458 inter
1442 1418 1641 1457 heredem
1671 1423 1712 1457 et

280 1480 521 1529 partiarium
553 1477 798 1529 legatarium
820 1478 1035 1528 interponi,
1070 1475 1238 1515 eaedem
1257 1477 1571 1527 interponantur
1600 1476 1708 1514 inter
1870 1496 1872 1543 Ι

282 1548 388 1585 eum,
423 1537 495 1587 qui
527 1547 578 1574 ex
610 1534 916 1574 fideicommissi
946 1545 1071 1573 causa
1092 1535 1236 1585 recipit
1261 1532 1545 1583 hereditatem,
1578 1537 1617 1572 et
1637 1532 1712 1571 he-

282 1592 443 1642 redem,
482 1592 524 1631 id
562 1596 624 1630 est
663 1596 708 1630 ut
747 1596 784 1630 et
814 1591 976 1630 lucrum
1009 1596 1048 1630 et
1079 1590 1276 1630 damnum
1308 1589 1603 1629 hereditarium
1634 1601 1708 1641 pro

186 1649 266 1687 255
280 1654 367 1688 rata
397 1654 514 1701 parte
546 1650 652 1687 inter
684 1660 753 1688 eos
786 1661 1002 1687 commune
1034 1649 1095 1687 sit.
1157 1648 1263 1699 Ergo
1287 1647 1493 1699 siquidem
1513 1659 1593 1686 non
1614 1646 1709 1697 plus
1724 1657 1765 1686 25

281 1719 404 1758 quam
448 1706 694 1745 dodrantem
727 1705 743 1758 ΙΙ
775 1705 1014 1744 hereditatis
1060 1705 1236 1756 scriptus
1283 1705 1404 1743 heres
1450 1709 1617 1756 rogatus
1659 1703 1871 1753 sitpagASu,

279 1765 516 1815 restituere,
549 1769 637 1802 tum
678 1775 730 1802 ex
765 1762 1028 1802 Trebelliano
1076 1761 1433 1801 senatusconsulto
1478 1762 1711 1800 restituitur
1868 1755 1871 1760 ’

1258 1860 1343 1869 -fxm

292 1861 357 1872 xv„

518 1865 527 1871 a
535 1865 548 1870 ι
557 1863 662 1871 mav-
673 1864 739 1872 vasu„

884 1862 1095 1871 sxa-§malms
1105 1863 1124 1870 v

370 1922 390 1961 §t
414 1924 476 1953 254
504 1921 577 1954 fere
596 1922 738 1953 =1nst.
768 1924 798 1962 2,
824 1924 876 1961 23,
903 1923 920 1952 5
946 1918 958 1962 ΙΙ
981 1921 1000 1960 ξ
1018 1923 1081 1952 255
1110 1929 1224 1961 usque
1250 1920 1292 1952 ad
1313 1922 1365 1961 97,
1393 1922 1410 1951 3
1444 1919 1650 1951 Trebelliano
1669 1931 1708 1944 =

282 1969 363 1999 lust.
390 1970 420 2009 2,
445 1970 498 2009 23,
526 1971 555 1999 6.

372 2141 383 2169 4
417 2139 575 2170 actiones
603 2136 636 2178 C,
662 2144 786 2169 omnes
812 2138 970 2168 actiones
997 2137 1077 2169 Inst.
1100 2134 1112 2177 ΙΙ
1136 2138 1156 2167 2
1181 2137 1214 2168 ei
1241 2136 1331 2177 Inst„
1357 2144 1419 2167 om.
1449 2134 1507 2178 011
1531 2137 1627 2168 esset
1654 2134 1710 2178 Cn,

283 2185 336 2216 est
360 2184 439 2216 Inst.
479 2183 492 2226 ΙΙ
532 2187 548 2215 3
581 2192 644 2224 per
673 2182 717 2222 C,
755 2184 836 2224 post
873 2183 952 2214 Inst.
989 2182 1067 2223 (non
1092 2182 1211 2222 inepte)
1250 2180 1262 2223 11
1302 2184 1320 2212 6
1358 2190 1492 2223 eaeque
1531 2181 1711 2222 Goeschen,

282 2238 394 2271 aeque
439 2229 464 2262 C
500 2227 512 2271 ΙΙ
550 2237 676 2261 rursus
716 2227 750 2269 C,
790 2236 853 2259 om.
880 2229 959 2260 Inst.
997 2224 1009 2271 11
1048 2231 1066 2260 9
1098 2231 1158 2259 aut
1187 2227 1226 2269 C,
1263 2227 1320 2259 uel
1352 2227 1431 2259 Inst.
1470 2224 1482 2268 ΙΙ
1521 2228 1562 2258 40
1589 2228 1710 2267 postea

284 2277 412 2315 Pegaso
449 2276 484 2307 et
519 2275 671 2306 Pusione
708 2273 931 2314 consulibus]
973 2276 1091 2315 potest
1129 2271 1170 2312 (Ρ)
1212 2281 1341 2314 pegaso
1385 2275 1421 2305 et
1458 2273 1610 2305 Pusione
1652 2272 1708 2314 Cn,

283 2324 405 2362 postea
444 2320 655 2361 Vespasiani
694 2320 843 2360 Augusti
897 2320 1116 2361 temporibus
1161 2319 1292 2359 Pegaso
1344 2319 1380 2350 et
1424 2319 1575 2350 Pusione
1626 2327 1710 2350 con-

282 2366 423 2399 sulibus
448 2367 527 2398 Inst.
557 2364 570 2407 ΙΙ
602 2367 635 2397 Μ
667 2368 760 2397 esset
784 2366 877 2404 Insa,
902 2367 954 2396 cst
983 2365 1006 2397 C
1034 2362 1046 2408 ΙΙ
1079 2367 1118 2396 42
1148 2364 1299 2405 proinde
1329 2364 1384 2406 Cn,
1415 2364 1564 2405 perinde
1595 2364 1675 2396 [nst.
1698 2362 1715 2405 {l

284 2415 324 2443 43
351 2421 370 2443 e
399 2412 433 2453 C,
459 2421 521 2444 om.
549 2412 628 2443 Inst.
665 2409 677 2452 ΙΙ
713 2412 748 2442 in
777 2409 810 2451 C,
837 2419 878 2441 ex
906 2411 982 2441 Inst.
1013 2408 1026 2452 ΙΙ
1062 2411 1215 2442 retinere
1242 2410 1320 2441 Inst.
1347 2409 1402 2450 (eoe
1427 2407 1708 2450 emendatione?),

285 2458 478 2489 retinendis
507 2457 546 2498 C,
583 2458 670 2496 quod
705 2457 906 2488 uocabulum
942 2465 986 2487 ex
1020 2457 1220 2496 ylossemate
1255 2459 1375 2487 natum
1409 2463 1480 2487 esse
1514 2457 1710 2494 suspicatur

286 2504 470 2535 Mommsen
508 2503 520 2543 [Ι
560 2505 600 2534 45
627 2511 690 2544 per
718 2502 758 2543 C,
796 2504 874 2543 post
906 2502 987 2533 Insc.
1022 2503 1110 2540 (cum
1141 2502 1325 2541 Theophilo)
1368 2499 1381 2542 ΙΙ
1420 2503 1461 2532 46
1488 2501 1590 2532 heres
1616 2500 1708 2542 Inst„

284 2558 345 2580 om.
376 2549 400 2581 C
434 2548 447 2590 ΙΙ
483 2551 523 2581 47
549 2549 747 2589 relinquam
774 2549 910 2589 partem
941 2547 1150 2579 hereditatis
1181 2548 1310 2587 recipit
1336 2546 1376 2587 C,
1412 2546 1548 2586 recepit
1570 2548 1708 2587 partem

286 2595 489 2626 hereditatis
521 2595 600 2626 Inst.
640 2592 653 2635 ΙΙ
691 2596 732 2625 22
758 2592 902 2625 eaedem
943 2592 1038 2633 Insa,
1077 2593 1203 2625 eadem
1250 2592 1275 2624 C
1311 2590 1324 2633 ΙΙ
1363 2593 1403 2622 23
1441 2590 1708 2624 fideicommissi

284 2648 392 2671 causa
420 2639 473 2681 Cn,
511 2640 790 2671 fideicommisso
817 2639 894 2670 lust.
934 2635 946 2680 Η
985 2639 1113 2680 recipit
1140 2638 1319 2678 Goeschem
1350 2637 1462 2679 recipi
1491 2636 1515 2669 C
1553 2636 1566 2679 ΙΙ
1604 2638 1644 2668 21·
1671 2639 1710 2668 ut

284 2687 318 2716 et
344 2686 433 2724 lust„
471 2687 510 2717 ut
534 2687 587 2717 est
614 2684 639 2717 C
670 2683 683 2726 ΙΙ
721 2687 762 2716 26
789 2693 894 2725 quain
923 2684 1015 2722 Insa„
1051 2693 1145 2725 quan
1174 2683 1199 2715 G
1232 2680 1244 2726 ΙΙ
1279 2685 1319 2714 27
1348 2684 1421 2714 tum
1451 2682 1492 2724 C,
1519 2684 1604 2714 tunc
1629 2683 1708 2714 lust.
