1892 3095
273 164 496 206 11525—30
788 188 900 195 -.-.
960 168 1012 208 50
1071 190 1184 197 —

274 303 353 329 non
386 297 448 330 est
477 303 649 331 necesse
680 303 772 330 cum
795 293 947 331 maiore
970 291 1213 331 difficultate
1240 291 1353 342 apud
1374 298 1608 344 praetorem
1629 297 1702 332 aut

206 345 258 385 26
276 347 387 399 apud
430 348 666 400 praesidem
712 350 948 399 prouinciae
987 360 1123 400 agere.
1191 348 1348 394 Quodsi
1380 362 1516 402 neque
1547 351 1701 389 manci-

275 410 370 456 pata
399 416 538 458 neque
569 406 610 443 in
640 406 729 443 iure
761 417 878 444 cessa
908 406 960 444 sit
990 417 1056 444 res
1088 406 1265 456 mancipi
1288 404 1302 457 ΙΙ
1521 407 1552 444 (6
1576 414 1699 438 uersus

274 464 309 492 in
337 460 362 492 C
383 461 449 501 legi
472 464 650 501 nequeunt)
1711 448 1791 481 pag'
1810 441 1852 471 ⁶⁰

275 539 426 592 *plena
456 541 663 592 possessio
697 552 1687 579 concessam
1713 556 1731 585 5

274 610 326 637 ex
356 598 532 637 formula
565 608 648 649 qua
678 597 719 635 hi
747 609 1686 648 qu—————

273 767 432 806 fructus
464 779 515 805 na

205 821 375 863 271tem
407 823 544 862 adhuc
573 824 1685 862 i———————————-—
1713 839 1754 867 4ο

694 878 724 918 (4
749 887 873 910 uersus
897 881 932 909 in
960 877 985 910 C
1008 879 1072 919 leyi
1095 880 1277 919 nequeunt)

273 972 353 999 non
386 960 564 999 fuissent

694 1015 729 1056 (7
751 1024 875 1046 uersus
898 1017 934 1046 in
961 1015 986 1048 C
1010 1016 1074 1056 leyi
1097 1016 1277 1055 nequeunt)
1692 1006 1696 1081 Ι

270 1117 282 1173 fl
298 1131 317 1158 S
1713 1136 1790 1170 pag.
1810 1130 1846 1159 64

1713 1187 1754 1218 45

273 1238 335 1273 est
366 1246 447 1285 quo
479 1234 643 1272 nomine
1690 1227 1696 1316 ἃ

272 1359 341 1386 ere
373 1346 443 1386 uel
464 1369 1688 1375 ffl—

270 1403 490 1456 praedium

272 1460 367 1500 dem
410 1460 495 1499 ulla
537 1459 670 1499 libera
709 1460 853 1499 ciuitas
1551 1460 1687 1500 admo·
1713 1471 1753 1499 20

271 1517 397 1557 nendi
429 1529 575 1557 sumus

272 1586 377 1624 esse,
410 1574 676 1625 prouincialis
709 1574 785 1613 soli
818 1587 971 1613 nexum
1003 1587 1084 1614 non
1119 1588 1140 1613 e

271 1631 609 1683 significationem
662 1630 795 1670 solum
850 1631 1033 1670 Italicum
1081 1633 1258 1683 mancipi
1303 1637 1378 1683 esc,
1430 1630 1697 1684 proluinciale

270 1701 347 1727 nec
386 1689 563 1739 mancipi
602 1693 676 1726 est.
738 1687 858 1727 aliter
896 1689 1004 1727 enim
1044 1690 1177 1727 ueteri
1214 1688 1355 1740 lingua
1391 1685 1424 1742 al

270 1767 814 1773 ——-—————
1040 1747 1290 1796 manaim—1
1712 1766 1753 1796 25

204 1809 257 1847 28
387 1797 502 1854 <Res)
535 1800 817 1852 incorporales
838 1800 1101 1841 traditionem
1122 1815 1202 1841 non
1224 1803 1411 1854 recipere
1433 1803 1697 1843 manifestum

205 1865 256 1905 99
273 1863 345 1897 est.
399 1857 482 1897 Sed
512 1858 603 1896 iura
632 1857 899 1908 praediorum
931 1858 1188 1898 urbanorum
1210 1860 1251 1898 in
1272 1861 1361 1898 iure
1383 1858 1475 1898 cedi
1497 1857 1696 1914 (tantum)

271 1920 465 1966 possunt3
497 1916 747 1953 rusticorum
777 1927 879 1953 uero
912 1916 1033 1954 etiam
1064 1917 1289 1967 mancipari
1320 1921 1505 1967 possunt.

203 1979 254 2018 30
383 1971 653 2011 Vsusfructus
696 1973 737 2010 in
782 1972 872 2010 iure
915 1974 1143 2012 cessionem
1182 1978 1342 2012 tantum
1378 1975 1535 2024 recipit.
1605 1986 1699 2013 nam

271 2028 462 2067 dominus
502 2029 762 2079 proprietatis
799 2028 867 2067 alii
907 2029 1214 2068 usumfructum
1251 2031 1291 2068 in
1322 2031 1412 2069 iure
1444 2029 1594 2070 cedere
1625 2043 1698 2083 po·
1712 2050 1754 2080 ³0

267 2090 355 2137 test,
392 2090 438 2124 ut
474 2084 540 2123 ille
571 2085 879 2124 usumfructum
911 2086 1062 2125 habeat
1093 2091 1133 2126 et
1162 2087 1251 2137 ipse
1281 2086 1437 2125 nudam
1467 2088 1696 2138 proprieta-

268 2195 290 2204 x

361 2278 373 2307 4
405 2277 460 2307 est
485 2275 648 2317 Savigyny,
671 2285 706 2316 Je
736 2275 780 2308 C11
806 2276 874 2314 (sed
897 2279 946 2308 ita
971 2280 1009 2309 ut
1030 2287 1041 2317 J
1069 2279 1198 2319 littera,
1230 2286 1306 2309 cum
1331 2278 1454 2310 lineola
1477 2280 1617 2311 inducta
1641 2281 1695 2320 sit,

268 2322 428 2352 uideatur
457 2321 529 2360 sere
560 2323 653 2353 inter
687 2324 949 2361 praepositionis
979 2327 1096 2355 nocam
1124 2323 1318 2354 sollemnem
1349 2324 1480 2364 efficere
1511 2323 1525 2365 ΙΙ
1558 2327 1574 2355 3
1605 2326 1697 2363 (post

269 2366 437 2407 mancipi)
467 2370 582 2399 secuta
613 2375 684 2399 esse
715 2367 776 2398 sed
809 2369 945 2399 tantum
972 2369 1100 2400 tradita
1122 2369 1346 2408 probabiliter
1377 2370 1514 2401 coniecit
1531 2369 1694 2402 Huschke.

269 2411 398 2443 Deinde
426 2411 533 2444 Gaius
559 2414 664 2452 egisse
688 2413 826 2444 uidetur
850 2414 890 2444 dc
913 2415 989 2444 iure
1014 2416 1102 2453 eius,
1132 2415 1186 2445 cui
1210 2423 1266 2445 res
1289 2415 1439 2453 mancipi
1463 2415 1591 2446 tradita
1616 2418 1696 2446 tan-

268 2460 339 2488 tum
369 2459 427 2498 εἰη
460 2460 531 2489 tum
563 2458 602 2489 de
633 2460 708 2489 iure
743 2460 934 2489 commercii
965 2459 1060 2497 (cons.
1094 2460 1256 2498 leianus
1283 2463 1339 2500 49,
1366 2462 1397 2492 4.
1427 2460 1457 2498 5)
1489 2463 1520 2491 et
1550 2461 1590 2491 de
1619 2462 1695 2492 iure

269 2503 384 2534 Italico
409 2503 506 2542 (cons.
527 2503 713 2534 Mommsen
739 2502 949 2535 staatsrecm
972 2507 1006 2543 5,
1028 2507 1042 2534 1
1071 2513 1150 2544 paq.
1169 2506 1234 2536 809
1259 2507 1325 2536 nol.
1351 2504 1384 2544 2)
1407 2504 1421 2545 ΙΙ
1445 2507 1462 2534 6
1488 2506 1575 2544 conf.
1603 2505 1660 2536 Cas
1683 2504 1697 2547 ΙΙ

269 2548 303 2577 In
338 2549 550 2587 sequentibus
581 2557 640 2579 ars
670 2550 841 2580 nesciendi
874 2549 1065 2581 exercenda
1097 2553 1156 2581 est.
1207 2548 1361 2581 Ceterum
1391 2550 1477 2589 conf.
1516 2549 1558 2582 Ca
1589 2559 1695 2590 usque

267 2594 310 2623 ad
335 2602 426 2624 vers.
453 2596 494 2625 25
518 2592 533 2634 11
556 2595 597 2625 26
628 2592 716 2636 (Res)
741 2594 987 2635 incorporales
1015 2594 1196 2635 Boeclciny,
1233 2595 1479 2636 Incorporales
1503 2593 1583 2638 (res)
1611 2596 1696 2628 Goe-

267 2639 364 2668 schen
384 2638 455 2677 1127
484 2640 623 2670 tantum
651 2643 728 2671 ante
754 2639 831 2671 cedi
858 2640 986 2671 addidit
1014 2640 1195 2680 Goeschen,
1221 2649 1283 2671 om.
1314 2640 1338 2672 C
1354 2640 1368 2680 ΙΙ
1387 2642 1426 2670 30
1453 2641 1581 2682 potest]
1606 2642 1694 2681 cons.

271 2682 311 2714 Ca
333 2692 411 2723 pay.
429 2687 494 2716 285
520 2693 600 2715 uers
619 2688 671 2715 91.
978 2687 981 2689 ’
