1892 3095
248 117 516 156 lngus—454
755 140 867 146 ,-
930 117 1008 157 136
1067 140 1180 148 ἡ

247 241 418 281 alicuius
460 244 628 294 negotii,
667 243 798 282 ueluti
836 243 1130 293 mancipiorum
1167 243 1439 282 emendorum
1476 249 1547 283 aut
1576 256 1680 284 uen-

155 298 493 338 449dendorum.
554 301 696 352 Magna
729 305 866 338 autem
899 301 1085 351 quaestio
1118 299 1211 349 suit,
1254 311 1305 338 an
1336 301 1391 338 ita
1422 301 1519 339 coiri
1549 302 1681 352 possit

247 357 432 404 societas,
466 362 511 396 ut
543 359 634 408 quis
668 357 864 394 maiorem
895 362 1055 407 partem
1085 356 1284 407 lucretur,
1316 358 1517 397 minorem
1539 357 1679 397 damni

245 418 439 464 praestet.
504 413 617 465 quod
655 413 700 459 Q.
742 414 898 452 Mucius
937 411 1098 467 <contra
1139 418 1330 452 naturam
1365 415 1562 453 societatis
1594 426 1679 453 esse

246 471 510 509 existimauit.
543 469 612 508 sed
633 470 720 508 Ser.
753 470 968 521 Sulpicius,
998 467 1135 522 cuius>
1165 471 1287 508 etiam
1317 470 1555 522 praeualuit
1584 481 1712 510 sen-5

245 528 383 577 tentia,
416 526 520 566 adeo
551 528 606 565 ita
637 527 735 564 coiri
766 538 889 578 posse
912 528 1147 565 societatem
1170 528 1432 577 existimauit,
1463 532 1510 566 ut
1531 527 1681 566 dixerit

246 584 316 622 illo
349 596 517 635 quoque
549 582 663 621 modo
695 584 792 621 coiri
823 595 966 634 posse,
1010 589 1056 622 ut
1087 585 1180 635 quis
1211 584 1312 622 nihil
1345 585 1508 623 omnino
1541 584 1679 623 damni
1869 590 1889 640 (7,

246 646 446 692 praestet,
480 639 555 678 sed
586 639 691 678 lucri
724 645 881 691 partem
915 642 1065 691 capiat,
1100 642 1132 679 si
1164 640 1286 679 modo
1318 653 1445 692 opera
1477 642 1566 680 eius
1597 646 1678 680 tam
1871 644 1889 694 11

245 700 423 749 pretiosa
457 696 660 746 uideatur,
696 702 740 735 ut
769 709 951 749 aequum
983 699 1035 737 sit
1066 710 1160 736 eum
1193 709 1286 736 cum
1318 697 1395 736 hac
1424 699 1613 749 pactione
1637 699 1678 736 in
1868 696 1890 739 i]

245 756 480 794 societatem
513 753 682 792 admitti.
741 766 837 792 nam
869 760 909 792 et
939 756 993 792 ita
1024 766 1146 805 posse
1179 755 1280 793 coiri
1316 756 1554 793 societatem
1585 763 1736 794 con-40
1871 790 1889 798 „

246 818 341 861 stat,
381 817 426 849 ut
462 823 571 850 unus
608 812 827 861 pecuniam
867 812 1070 861 conferat,
1113 811 1218 850 alter
1248 823 1328 849 non
1367 812 1568 863 conserat,
1597 810 1612 864 11
1641 807 1889 859 etpag.4es'.12

246 875 381 907 tamen
421 868 583 907 lucrum
620 868 727 906 inter
759 879 828 906 eos
871 880 1087 907 commune
1129 869 1199 916 sit;
1241 880 1365 919 saepe
1407 870 1516 907 enim
1554 880 1681 919 opera
1887 879 1889 882 ’

154 925 228 963 450
245 926 419 964 alicuius
442 937 516 976 pro
538 926 714 975 pecunia
737 923 859 963 ualet.
911 923 988 976 [Et]
1020 924 1126 963 iliud
1158 930 1316 963 certum
1350 930 1422 974 est,
1457 926 1491 964 si
1513 925 1565 964 de
1587 937 1682 976 par-

245 983 356 1021 tibus
393 981 497 1020 lucri
534 987 574 1020 et
613 982 752 1020 damni
787 981 889 1020 nihil
940 983 1046 1020 inter
1091 994 1160 1021 eos
1208 983 1465 1031 conuenerit,
1512 981 1679 1034 [tamen]

245 1040 390 1091 aequis
431 1051 483 1078 ex
518 1039 708 1089 partibus
753 1038 1014 1077 commodum
1054 1043 1090 1076 et
1124 1038 1431 1077 incommodum
1471 1039 1577 1078 inter
1609 1051 1679 1078 eos
1701 1049 1736 1078 45

244 1108 461 1135 commune
494 1108 600 1135 esse.
662 1095 736 1134 sed
769 1096 802 1133 si
834 1097 874 1134 in
906 1095 1035 1134 altero
1072 1100 1211 1146 partes
1249 1107 1474 1146 expressae
1512 1096 1677 1145 fuerint,

246 1153 363 1192 uelut
393 1154 433 1191 in
466 1152 594 1202 lucro,
627 1154 667 1191 in
700 1152 828 1191 altero
860 1165 962 1191 uero
995 1153 1182 1202 omissae,
1216 1153 1257 1190 in
1289 1165 1334 1190 eo
1366 1165 1534 1204 quoque
1567 1154 1679 1205 quod

151 1209 221 1247 454
245 1212 444 1249 omissum
477 1215 540 1248 est
570 1209 726 1248 similes
758 1214 898 1260 partes
930 1213 1064 1248 erunt.
1112 1210 1244 1248 Manet
1275 1214 1412 1247 autem
1435 1211 1608 1248 societas
1632 1222 1680 1248 eo

246 1280 393 1319 usque,
427 1266 558 1305 donec
588 1267 628 1305 in
662 1266 809 1305 eodem
840 1278 1043 1305 consensu
1072 1270 1358 1316 perseuerant.
1411 1271 1452 1304 at
1481 1278 1576 1305 cum
1607 1266 1683 1305 ali-

245 1326 337 1376 quis
369 1325 674 1363 renuntiauerit
704 1324 900 1373 societati,
937 1324 1111 1362 societas
1143 1322 1330 1361 soluitur.
1384 1322 1460 1362 sed
1490 1323 1614 1375 plane
1646 1324 1736 1367 si20

244 1382 337 1434 quis
374 1383 415 1420 in
452 1381 529 1419 hoc
567 1381 871 1419 renuntiauerit
909 1381 1109 1429 societati,
1152 1385 1198 1419 ut
1240 1380 1470 1419 obueniens
1510 1379 1681 1432 aliquod

243 1439 406 1478 lucrum
440 1438 554 1477 solus
577 1437 741 1488 habeat,
773 1437 904 1477 ueluti
927 1439 961 1476 si
982 1437 1080 1475 mihi
1101 1442 1280 1475 totorum
1300 1436 1506 1476 bonorum
1529 1438 1678 1487 socius,

243 1508 336 1535 cum
374 1495 427 1534 ab
467 1494 604 1546 aliquo
641 1494 764 1534 heres
806 1499 917 1533 esset
952 1494 1142 1544 relictus,
1185 1495 1226 1532 in
1266 1494 1343 1532 hoc
1379 1495 1683 1533 renuntiauerit

243 1554 444 1603 societati,
494 1557 538 1590 ut
583 1551 856 1590 hereditatem
897 1550 1010 1590 solus
1056 1551 1161 1590 lucri
1203 1551 1343 1602 faciat,
1397 1556 1569 1603 cogetur
1604 1550 1682 1590 hoc

243 1610 407 1649 lucrum
439 1609 755 1648 communicare.
808 1609 841 1647 si
874 1608 975 1660 quid
1006 1620 1107 1647 uero
1139 1607 1254 1646 aliud
1275 1607 1379 1647 lucri
1401 1608 1546 1647 fecerit
1567 1607 1679 1660 quod
1695 1621 1736 1651 25

336 1768 355 1807 ξ
381 1768 445 1798 449
472 1765 563 1798 conf.
590 1767 643 1800 (ex
669 1767 769 1807 parte
795 1765 869 1797 fere
895 1765 947 1805 =)
976 1765 1058 1796 Inst.
1085 1767 1121 1806 3,
1154 1768 1212 1806 25,
1244 1764 1264 1797 2
1293 1766 1306 1806 11
1334 1766 1353 1805 ξ
1380 1768 1442 1798 450
1471 1766 1563 1798 conf.
1596 1767 1680 1798 Inst-

247 1816 279 1854 3,
308 1816 362 1854 25,
391 1816 402 1843 4
433 1814 468 1844 et
494 1814 510 1842 3
540 1813 554 1852 11
581 1812 600 1851 ξ
628 1814 686 1843 454
718 1825 759 1838 =
786 1812 870 1843 lust.
902 1813 931 1851 3,
958 1814 1010 1850 25,
1037 1812 1066 1842 4.

243 1889 311 1901 «W

338 1963 349 1990 4
383 1959 502 2000 negoti
537 1957 574 1999 C,
608 1959 859 1998 negotiationis
893 1958 976 1990 Inst.
1007 1957 1020 1997 11
1047 1959 1312 1999 mancipiorum
1351 1958 1450 1999 Inst.‚
1481 1959 1682 2000 mancipior

248 2006 272 2038 C
302 2006 316 2046 11
349 2008 409 2037 aut
444 2004 721 2037 uendendorum
762 2004 802 2045 C,
849 2004 1199 2044 uendendorumque
1244 2004 1324 2035 Inst.
1361 2004 1374 2043 11
1408 2006 1493 2037 4-5
1529 2002 1575 2047 <>
1608 2004 1681 2044 fere

246 2053 290 2083 ad
322 2052 403 2082 [nst.
437 2051 529 2089 (duce
559 2049 758 2090 Goescheno)
798 2050 966 2089 additum
1000 2058 1066 2088 pro
1102 2049 1323 2081 existimauit
1354 2052 1464 2088 possis
1502 2051 1605 2082 etiam
1641 2051 1681 2082 cle

247 2098 336 2129 dixit
363 2097 419 2128 uel
448 2094 552 2127 simili
588 2096 702 2134 aliquo
738 2096 843 2127 uerbo
882 2097 1033 2135 coqitare
1065 2095 1078 2134 11
1112 2097 1129 2125 5
1163 2095 1269 2126 etiam
1311 2095 1510 2134 (Mommsen
1547 2096 1681 2127 mauult

247 2143 328 2182 iam)
370 2141 573 2183 praeualuit
615 2141 792 2172 sententia
832 2139 872 2181 C,
916 2141 1091 2172 sententia
1134 2140 1339 2180 praeualuit
1375 2140 1456 2172 Insc.
1488 2140 1501 2180 11
1537 2143 1554 2170 6
1591 2141 1680 2172 exti-

247 2188 360 2220 mauit
394 2187 419 2219 C
446 2187 459 2226 11
489 2189 506 2217 7
541 2186 650 2218 modo
688 2186 872 2226 Goeschen,
912 2186 947 2217 ὦ
977 2185 1017 2226 C,
1055 2185 1142 2224 conf.
1186 2184 1227 2217 C²
1260 2194 1341 2226 pay.
1379 2188 1445 2219 277
1477 2195 1568 2218 uers.
1599 2183 1680 2228 2711

249 2236 286 2264 4ῡ
321 2241 404 2264 nam
437 2233 536 2272 Inst„
573 2239 642 2263 non
673 2230 698 2263 C
724 2231 739 2272 11
769 2239 871 2272 posse
903 2231 1000 2263 coire
1035 2230 1072 2272 C,
1111 2231 1199 2262 coiri
1232 2239 1339 2271 posse
1369 2232 1424 2262 uel
1449 2233 1547 2264 coire
1571 2239 1679 2273 posse

246 2280 328 2310 Inst.
370 2277 384 2319 11
426 2280 460 2308 44
504 2286 598 2308 unus
640 2276 679 2317 C,
715 2276 804 2308 alter
841 2277 921 2308 Inst.
966 2276 979 2316 11
1020 2278 1061 2307 42
1099 2284 1280 2307 conmune
1315 2285 1360 2307 ea:
1396 2277 1590 2309 conmunie
1625 2277 1681 2308 uel

242 2326 356 2364 potius
395 2332 439 2355 ea:
478 2323 600 2354 munie
635 2325 825 2353 correctum
857 2321 896 2353 C¹
923 2322 936 2362 11
966 2330 1049 2363 sepe
1081 2321 1175 2352 enim
1214 2321 1252 2361 C,
1290 2323 1375 2362 quia
1412 2330 1519 2364 saepe
1551 2323 1633 2354 [nst.
1669 2329 1679 2353 ·!

249 2372 285 2400 43
315 2373 349 2401 et
374 2369 497 2400 deleuit
515 2368 701 2399 Mommsen
718 2367 733 2407 11
751 2368 791 2398 44
810 2369 928 2399 tamen
951 2367 985 2408 C,
1014 2368 1137 2398 deleuit
1154 2367 1338 2398 Mommsen
1356 2367 1370 2408 11
1391 2370 1429 2398 15
1447 2370 1483 2398 et
1500 2367 1678 2408 Boeckiny,

247 2418 285 2446 ut
319 2414 343 2446 C
370 2414 384 2454 11
416 2415 453 2444 47
481 2412 582 2445 uelut
609 2412 644 2449 C,
669 2414 714 2444 ad
737 2412 848 2444 ueluti
874 2413 996 2444 ducere
1024 2414 1187 2443 uidentur
1212 2412 1283 2444 Ins:
1315 2412 1329 2452 11
1355 2421 1396 2444 eo
1422 2413 1525 2453 lust„
1550 2412 1677 2444 eodem

250 2460 274 2492 C
305 2459 320 2499 11
353 2462 394 2491 48
421 2460 595 2491 omissum
623 2457 663 2499 C,
689 2459 981 2500 praetermissum
1014 2459 1095 2489 Inst.
1127 2457 1140 2497 11
1176 2459 1214 2488 49
1242 2466 1420 2490 consensu
1445 2458 1543 2498 lust„
1569 2465 1679 2490 sensu

252 2505 276 2538 C
307 2505 321 2545 11
354 2506 589 2546 perseuerant
622 2501 661 2544 C,
692 2504 1006 2544 perseuerauerint
1040 2503 1122 2534 [nst.
1147 2503 1161 2543 11
1192 2505 1230 2534 20
1263 2503 1419 2535 societas
1449 2503 1603 2535 soluitur
1642 2502 1678 2544 C,

247 2551 401 2582 soluitur
425 2551 579 2581 societas
606 2550 687 2582 Inst.
711 2549 724 2589 11
747 2551 782 2580 24
817 2549 851 2580 in
872 2547 907 2589 C,
933 2548 1060 2580 callide
1086 2549 1120 2579 in
1149 2549 1228 2580 Inst.
1247 2548 1260 2588 11
1278 2550 1319 2579 21.
1347 2548 1456 2581 faciat
1483 2547 1517 2589 C,
1542 2548 1679 2581 faceret

250 2597 326 2627 Inst.
360 2596 374 2635 11
407 2598 555 2636 cogetur
595 2595 781 2635 Goeschen‚
818 2596 920 2634 coget
958 2592 997 2635 C,
1033 2594 1172 2634 cogitur
1210 2594 1291 2626 Inst.
1327 2594 1465 2633 (codices
1492 2594 1645 2634 plurimi)
1668 2591 1680 2634 11

247 2643 288 2673 25
315 2640 439 2672 fecerit
467 2641 502 2681 C,
528 2640 636 2672 faciat
659 2640 714 2671 uel
739 2639 871 2671 iaceret
894 2639 974 2671 Inst.
