1918 3110
696 224 809 233 =-—
872 205 951 245 163
1385 209 1429 240 1v
1454 210 1473 249 g
1491 212 1623 242 29—33

198 330 323 369 nibus
363 336 501 370 autem
542 330 629 369 istis
673 331 808 368 causis
846 332 968 369 certis
1008 331 1149 369 uerbis
1181 333 1329 384 pignus
1371 334 1626 387 capiebatur,

199 391 241 426 et
279 387 332 426 ob
369 387 413 427 id
451 387 666 439 plerisque
703 386 897 437 placebat
931 387 1037 426 hanc
1073 400 1240 440 quoque
1283 391 1480 429 actionem
1524 391 1625 443 legis

199 445 401 483 actionem
423 455 536 494 esse3
569 443 823 496 quibusdam
845 449 983 482 autem
1007 441 1187 497 (contra)
1211 445 1413 497 placebat,
1446 449 1626 498 primum

198 501 310 553 quod
341 503 523 554 pignorIS
555 502 668 552 capio
701 506 816 539 extra
846 502 910 540 ius
941 501 1234 553 peragebatur,
1266 502 1308 541 id
1331 508 1493 542 estnon
1514 505 1627 555 apud

197 563 442 610 praetorem,
474 558 725 610 plerumque
757 559 878 596 etiam
910 557 1079 597 absente
1110 559 1369 611 aduersario,
1403 572 1496 599 cum
1528 561 1658 602 alio-5

198 616 297 667 quin
337 616 484 655 ceteris
521 614 752 654 actionibus
789 627 870 653 non
910 614 1030 654 aliter
1070 617 1127 654 uti
1157 622 1329 667 possent
1359 629 1483 669 quam
1515 618 1627 668 apud

196 677 429 724 praetorem
450 677 671 724 praesente
693 671 947 722 aduersario,
971 678 1188 723 praeterea
1210 673 1323 726 quod
1343 673 1502 713 nefasto
1525 687 1628 726 quo-

197 742 280 782 que
298 729 377 780 dte,
401 729 445 768 id
462 735 524 769 est
545 742 627 781 quo
645 741 726 767 non
742 728 893 768 licebat
909 728 1001 781 lege
1020 742 1155 782 agere,
1177 732 1329 782 pignus
1346 732 1435 782 capi
1452 736 1624 782 poterat.

132 794 182 831 30
310 787 394 826 Sed
426 788 526 826 istae
558 798 699 825 omnes
731 786 835 838 legis
866 787 1046 825 actiones
1076 787 1275 839 paulatim
1306 790 1346 827 in
1377 787 1519 827 odium
1548 801 1627 828 ue-

197 849 360 883 nerunt.
406 855 582 896 namque
613 855 665 882 ex
695 844 819 881 nimia
851 843 1077 883 subtilitate
1109 850 1300 884 ueterum
1323 846 1394 897 qui
1415 851 1515 884 tunc
1534 846 1679 886 iurato

197 900 474 940 condiderunt
504 913 552 940 eo
583 912 650 939 res
681 899 886 951 perducta
917 905 997 950 est,
1037 906 1082 940 ut
1116 901 1182 940 uel
1214 903 1284 954 qui
1316 903 1530 941 minimum
1563 914 1628 941 er-

196 963 339 1009 rasset,
376 957 478 996 litem
508 957 718 1009 perderet.
757 958 897 1009 itaque
927 970 1005 1009 per
1035 957 1169 1010 legem
1200 959 1419 998 Aebutiam
1450 965 1492 998 et
1522 959 1626 998 duas

197 1015 321 1054 Iulias
353 1014 543 1054 sublatae
576 1020 672 1054 sunt
702 1016 804 1054 istae
836 1014 940 1067 legis
972 1017 1152 1054 actiones
1175 1016 1452 1068 effectumque
1475 1021 1550 1067 est,
1581 1021 1627 1055 ut

130 1080 176 1117 31
197 1084 274 1123 per
311 1077 508 1123 concepta
547 1072 702 1123 uerba,
738 1071 781 1111 id
821 1078 884 1111 est
912 1084 989 1123 per
1020 1072 1218 1112 formulas
1248 1073 1463 1125 litigemus.
1522 1075 1626 1112 Tan-

196 1134 285 1168 tum
324 1142 376 1168 ex
416 1129 582 1168 duabus
619 1130 754 1168 causis
793 1130 1046 1181 permissum
1077 1135 1138 1169 est
1168 1129 1259 1182 lege
1291 1142 1435 1182 agere:
1488 1130 1624 1169 damni
1640 1140 1680 1170 v15

195 1187 335 1226 infecti
365 1191 406 1225 et
437 1187 471 1225 si
501 1185 803 1226 centumuirale
833 1186 1034 1226 iudicium
1064 1187 1248 1226 futurum
1280 1192 1350 1226 est.
1400 1199 1498 1226 sane
1530 1188 1626 1238 qui-

196 1243 284 1282 dem
314 1256 408 1283 cum
440 1243 493 1283 ad
523 1244 803 1283 centumuiros
834 1245 930 1295 itur,
963 1249 1056 1283 ante
1086 1243 1177 1296 lege
1209 1245 1343 1296 agitur
1371 1249 1624 1284 sacramento

197 1300 310 1352 apud
358 1306 593 1352 praetorem
644 1300 855 1340 urbanum
908 1301 979 1340 uel
1033 1303 1300 1353 peregrinum
1350 1300 1624 1355 [praetorem].

196 1358 337 1397 damni
366 1370 468 1397 uero
499 1359 639 1398 infecti
668 1371 789 1397 nemo
820 1358 914 1397 uult
950 1358 1042 1411 lege
1085 1371 1219 1411 agere,
1264 1358 1339 1398 sed
1380 1360 1516 1410 potius
1555 1359 1627 1397 sti-

194 1415 407 1466 pulatione
438 1428 543 1468 quae
578 1417 619 1454 in
651 1415 784 1455 edicto
816 1417 1027 1467 proposita
1058 1422 1122 1455 est
1152 1416 1307 1468 obligat
1337 1415 1624 1455 aduersarium
1638 1425 1679 1454 20

195 1484 332 1523 suum,
364 1472 490 1525 idque
522 1478 563 1512 et
593 1472 848 1512 commodius
879 1474 943 1512 ius
968 1478 1007 1512 et
1027 1473 1190 1524 plenius
1214 1479 1287 1512 est.
1339 1485 1415 1524 per
1441 1474 1624 1525 pignoris

193 1526 206 1583 ΙΙ
215 1525 1626 1582 capz'orzettz—-———-———l—
1639 1545 1716 1577 pag.
1735 1539 1798 1569 499

605 1586 660 1626 (523
683 1595 807 1617 uersus
830 1588 867 1617 in
894 1585 920 1618 C
943 1587 1008 1626 leyi
1032 1587 1213 1626 nequeunt)

130 1665 398 1721 32ssapparet.
461 1668 559 1706 Item
601 1667 643 1705 in
689 1680 735 1706 ea
775 1667 918 1719 forma,
966 1680 1074 1719 quae
1112 1666 1336 1718 publicano
1367 1668 1622 1718 proponitur,
1638 1681 1715 1714 pag.
1734 1675 1797 1704 200

195 1724 288 1764 talis
326 1724 434 1764 fictio
476 1728 559 1776 est,
590 1730 637 1763 ut
667 1730 822 1776 quanta
851 1726 1029 1776 pecunia
1059 1723 1174 1774 olim,
1216 1725 1250 1762 si
1281 1725 1428 1775 pignus
1461 1730 1624 1775 captum
1639 1732 1680 1762 25

196 1787 319 1834 esset,
369 1781 412 1822 id
460 1783 612 1834 pignus
657 1782 692 1821 is
737 1794 760 1821 a
803 1794 885 1834 quo
932 1787 1097 1833 captum
1144 1786 1232 1819 erat
1274 1780 1392 1820 luere
1439 1781 1623 1830 deberet,

129 1848 180 1886 33
195 1844 350 1878 tantam
384 1840 605 1891 pecuniam
642 1839 954 1878 condemnetur.
1020 1834 1146 1877 Nulla
1181 1843 1318 1877 autem
1355 1838 1533 1876 formula
1572 1838 1623 1878 ad

195 1896 462 1936 condictionis
494 1897 700 1935 fictionem
732 1897 990 1947 exprimitur.
1035 1898 1124 1935 siue
1157 1896 1265 1934 enim
1298 1896 1511 1946 pecuniam
1534 1897 1623 1934 siue

195 1966 284 1993 rem
316 1953 497 2005 aliquam
535 1959 689 1993 certam
727 1953 911 1993 debitam
951 1953 1071 1992 nobis
1106 1957 1319 2004 petamus,
1363 1964 1453 1991 eam
1493 1953 1623 2003 ipsam

201 2020 325 2028 mm

287 2059 304 2086 3
332 2058 458 2088 contra
483 2057 631 2095 exempli
654 2057 772 2097 qratia
797 2057 951 2088 additum
977 2058 1026 2088 est
1042 2056 1125 2086 duce
1144 2054 1360 2094 Boeckinqio,
1394 2053 1480 2092 conf.
1509 2053 1574 2085 Gai
1590 2058 1621 2095 2,

194 2104 238 2134 78
276 2100 289 2144 ΙΙ
330 2103 347 2133 lo
374 2100 489 2143 capio]
521 2102 637 2142 captio
672 2101 714 2142 C,
746 2102 834 2141 conf.
869 2101 910 2134 Ca
938 2110 1020 2142 pay.
1041 2104 1108 2133 515
1135 2102 1285 2132 uers.59
1326 2098 1338 2141 ΙΙ
1376 2102 1394 2130 5
1421 2102 1622 2141 praetorem

198 2147 379 2189 Goeschen,
421 2155 452 2188 p·
478 2155 508 2177 r·
555 2149 586 2186 (i.
626 2156 653 2179 e.
692 2147 869 2189 populum
910 2147 1118 2186 Romanurn)
1163 2145 1200 2183 C,
1242 2146 1326 2184 conf.
1372 2143 1413 2176 Ca.
1449 2154 1530 2185 pay.
1556 2148 1621 2177 288

194 2202 284 2225 uers.
314 2194 360 2226 57
398 2191 411 2235 11
449 2192 598 2225 absente
632 2193 818 2234 Goeschen,
855 2192 1039 2224 absentem
1075 2192 1100 2224 C
1136 2190 1148 2234 ΙΙ
1189 2193 1207 2222 6
1238 2193 1384 2232 possent
1416 2191 1621 2228 Lachmann,

194 2240 317 2280 posset
345 2238 370 2271 C
408 2237 421 2276 ΙΙ
459 2240 476 2269 7
505 2238 643 2270 nefasto
672 2238 858 2278 Goeschen,
886 2238 1026 2270 nefacto
1056 2237 1081 2270 C
1108 2235 1120 2281 ll
1152 2240 1169 2268 8
1196 2237 1253 2268 die
1283 2236 1462 2275 Goescl1e11‚
1488 2236 1532 2266 de
1564 2236 1588 2267 C
1610 2234 1623 2277 ΙΙ

196 2287 235 2316 40
264 2292 419 2325 namque
439 2283 620 2326 Goeschen,
646 2293 729 2316 nam
755 2285 816 2325 qui
846 2284 890 2317 Cn
914 2283 927 2325 Η
951 2287 992 2315 42
1021 2285 1117 2315 litem
1140 2282 1318 2322 Goesehen,
1346 2282 1372 2312 it
1398 2282 1422 2313 C
1445 2280 1457 2323 Η
1482 2283 1522 2312 44
1550 2280 1621 2312 liti-

195 2339 320 2370 gemus
344 2339 389 2362 ea>
413 2329 609 2370 litigatores
632 2328 848 2362 correctum?
885 2330 928 2363 cn
970 2329 983 2371 ΙΙ
1023 2332 1063 2361 45
1095 2331 1148 2361 est
1177 2328 1362 2367 Goeschen,
1394 2330 1447 2358 est
1472 2326 1509 2358 id
1535 2326 1621 2365 legis

194 2377 376 2408 actionem
415 2375 533 2407 facere
577 2375 602 2408 C
646 2377 701 2414 (ex
739 2376 951 2416 ylossemate)
1003 2374 1014 2413 ΙΙ
1063 2377 1103 2406 46
1146 2372 1318 2414 futurum]
1359 2370 1508 2404 furum?
1553 2371 1577 2403 C
1610 2370 1623 2414 Η

195 2423 327 2453 46-47
375 2421 520 2462 quidem
557 2421 656 2461 (conf.
686 2421 750 2453 Gai
775 2424 811 2456 4.
846 2420 932 2461 450]
964 2419 1010 2461 q?
1046 2421 1106 2460 C¹¹;
1147 2420 1292 2455 sortasse
1328 2418 1410 2449 nihil
1440 2419 1506 2448 nisi
1536 2426 1621 2449 sane

195 2476 278 2499 cum
303 2467 348 2499 ad
374 2467 623 2499 centumuiros
653 2469 721 2499 etc.
753 2468 891 2499 dederat
920 2467 1026 2499 Gaius
1064 2463 1076 2508 Η
1118 2467 1158 2496 47
1184 2464 1428 2495 centumuiros
1459 2463 1619 2503 Hollweq,

194 2513 441 2550 gentumuiros
468 2511 494 2545 C
519 2511 533 2554 ΙΙ
562 2515 601 2544 20
629 2522 720 2553 quae
748 2513 928 2554 Goeschen,
953 2521 1059 2553 quam
1083 2510 1126 2542 C¹¹
1154 2509 1166 2552 ΙΙ
1198 2513 1233 2540 24
1266 2508 1386 2548 idque]
1414 2509 1534 2549 itaque
1563 2506 1621 2549 011

194 2561 236 2590 22
266 2561 303 2591 in
333 2559 457 2590 codicis
491 2558 517 2590 C
542 2560 672 2598 payina
698 2561 762 2590 499
807 2558 915 2590 Gaius
945 2559 1066 2589 adiecit
1105 2566 1145 2587 ea
1181 2564 1265 2594 quae
1301 2556 1340 2586 de
1373 2555 1454 2593 legis
1491 2555 1621 2585 actione

188 2614 254 2644 per
286 2606 443 2645 pignoris
479 2606 655 2643 capionem
691 2605 847 2636 addenda
883 2607 1000 2642 erant3
1039 2603 1157 2633 deinde
1193 2602 1236 2632 ad
1271 2599 1439 2640 formulas
1473 2600 1617 2638 redibat,

192 2659 278 2690 quae
310 2651 355 2681 ad
382 2651 553 2692 fictionem
583 2651 665 2690 leyis
701 2651 843 2682 actionis
874 2649 1155 2688 exprimebantur
1192 2645 1205 2688 ΙΙ
1244 2648 1283 2677 24
1319 2646 1407 2676 nem
1442 2645 1620 2683 Goeschem

193 2698 288 2728 cont.
323 2695 368 2728 Cn
407 2693 419 2737 ΙΙ
461 2697 502 2727 28
533 2696 725 2737 pecuniam
760 2695 948 2736 Goeschen,
983 2693 1133 2735 pecunia
1175 2692 1199 2723 C
1237 2692 1248 2732 i}
1289 2693 1329 2721 29
1362 2699 1441 2721 eam
1475 2699 1518 2721 esc
1549 2690 1618 2722 lam

192 2739 405 2773 correctum?
435 2739 469 2773 C.

1282 2804 1344 2834 ⁴4*
