1918 3110
436 742 796 797 EPIMETRVM
829 742 922 796 ΤΗ.
963 739 1298 795 MOMMSENI.

203 883 253 921 Ut
283 888 422 933 patres
452 883 581 921 nostri
613 881 750 920 laetati
782 886 879 920 sunt
909 885 1153 931 recuperato
1186 880 1296 930 Gaio,
1330 880 1384 917 ita
1405 879 1525 918 nohis
1555 891 1657 930 quo-

88 952 173 991 que
205 939 348 978 similis
380 951 468 978 sors
501 940 649 988 evenit,
685 938 759 977 sed
788 939 840 976 ita
871 937 1015 977 similis
1049 942 1093 975 ut
1121 949 1281 988 gemma
1309 936 1488 975 carboni.
1532 936 1656 975 Gaius

89 997 160 1035 ille
187 996 401 1036 redivivus
432 997 533 1035 iuriS
562 996 730 1034 Romani
750 996 931 1034 notitiam
960 995 1198 1033 universam
1220 993 1440 1032 illustravit
1461 994 1658 1032 formam-

91 1065 173 1105 que
213 1055 301 1092 eius
345 1053 457 1105 apud
497 1058 658 1092 nostros
699 1053 985 1101 commutavit3
1019 1064 1071 1090 ex
1113 1051 1189 1089 hoc
1223 1051 1321 1090 Gaio
1364 1063 1444 1089 non
1476 1050 1573 1090 Gaio
1606 1049 1658 1089 ad

91 1116 296 1149 vetustam
338 1110 564 1150 doctrinam
601 1111 671 1148 vix
710 1111 933 1161 quicquam
975 1107 1150 1159 accedit,
1194 1107 1268 1147 sed
1313 1107 1560 1159 prudentiae
1601 1107 1660 1145 la-

89 1167 226 1206 bentis
259 1168 442 1207 condicio
474 1167 736 1219 aliquatenus
769 1166 1014 1205 declaratur.

205 1224 342 1264 Codex
374 1224 765 1277 Augustodunensis
801 1225 891 1275 ipse
929 1225 1104 1274 optimae
1144 1227 1264 1260 notae
1303 1226 1365 1260 est
1403 1221 1501 1260 Gaio
1534 1222 1660 1260 Vero-

91 1283 209 1320 nensi
249 1294 516 1334 nequaquam
556 1281 744 1331 inferior,
791 1282 969 1331 scriptus
1011 1279 1266 1330 compendiis
1308 1278 1476 1328 iisdem,
1523 1278 1660 1316 ortho—

94 1339 289 1389 graphiae
321 1340 374 1377 ita
405 1338 585 1389 probae,
624 1344 670 1377 ut
705 1350 728 1376 a
768 1339 874 1376 vitiis
914 1337 1012 1375 inde
1044 1349 1066 1375 a
1105 1341 1252 1387 quarto
1285 1335 1450 1374 saeculo
1482 1336 1659 1386 receptis

92 1397 287 1434 immunis
320 1395 406 1434 sere
438 1396 644 1433 manserit.
693 1394 714 1432 b
747 1399 786 1432 et
820 1406 841 1432 υ
873 1405 1080 1446 nusquam
1111 1397 1414 1443 permutantur,
1448 1406 1466 1430 e
1498 1397 1538 1431 et
1560 1391 1658 1443 ae¹)‚

93 1454 107 1490 ι’
138 1457 178 1490 et
208 1464 226 1490 e
258 1454 297 1490 in
330 1452 631 1491 vocabulorum
662 1451 1019 1490 terminationibus
1033 1449 1060 1502 2)
1097 1462 1201 1488 raro.
1250 1448 1437 1488 Aetatem
1470 1450 1559 1488 eius
1592 1461 1662 1500 ge-

92 1511 203 1548 neris
236 1509 438 1548 librorum
470 1514 515 1547 ut
553 1508 844 1560 prudentiores
878 1510 945 1546 vix
977 1507 1195 1546 audebunt
1226 1505 1412 1556 definire,
1445 1507 1498 1544 ita
1535 1518 1662 1557 repu-

92 1568 204 1610 tanti,
237 1566 351 1618 quod
373 1579 426 1605 ex
447 1566 572 1617 gestis
595 1565 646 1604 de
669 1564 950 1604 Theodosiano
972 1563 1209 1614 recipiendo
1231 1563 1496 1615 intellegitur,
1526 1562 1661 1601 medio

94 1622 258 1662 saeculo
300 1624 442 1674 quinto
482 1628 672 1661 notarum
709 1623 810 1662 iuris
846 1634 970 1661 usum
1006 1620 1100 1660 licet
1140 1621 1339 1671 imperitis
1371 1620 1561 1659 odiosum
1601 1622 1663 1658 ni-

94 1680 176 1718 hilo
216 1681 352 1719 minus
391 1679 527 1719 adhuc
566 1681 747 1731 viguisse
778 1691 861 1718 non
898 1691 919 1717 a
952 1690 1047 1717 vero
1078 1677 1289 1717 videbitur
1328 1677 1516 1715 absimile
1556 1678 1662 1715 circa

95 1749 142 1776 ea
163 1742 350 1788 tempora
371 1737 494 1776 huius
517 1736 668 1775 codicis
691 1736 907 1776 librarium
928 1736 1104 1783 vixisse3
1136 1739 1230 1786 post
1256 1746 1305 1773 ea
1326 1735 1391 1772 vix
1413 1733 1662 1773 crediderim

95 1795 305 1846 antiquam
338 1793 681 1833 consuetudinem
713 1795 766 1832 ita
797 1794 1076 1843 incorruptam
1109 1791 1339 1830 duravisse.

209 1851 291 1891 Sed
323 1863 345 1889 a
377 1851 534 1890 librarii
565 1856 651 1889 arte
685 1856 724 1889 et
753 1849 1000 1889 excellentia
1031 1850 1208 1888 auctoris
1239 1848 1408 1887 infantia
1441 1852 1480 1886 et
1502 1847 1662 1886 exilitas

94 1909 150 1947 ita
180 1908 397 1959 abhorret,
428 1913 475 1947 ut
497 1907 805 1947 Pseudo-Gaius
837 1906 1227 1959 Augustodunensis
1257 1907 1299 1944 in
1331 1910 1511 1944 mentem
1542 1904 1661 1943 nobis

95 1971 262 2005 revocet
292 1966 510 2004 Baviorum
548 1971 783 2004 nostrorum
814 1969 1004 2015 poemata
1040 1964 1205 2002 chartae
1244 1961 1444 2001 munditie
1477 1965 1517 2000 et
1547 1966 1665 2013 typo-

96 2034 189 2061 rum
219 2024 351 2061 nitore
391 2024 478 2073 ipsa
522 2034 565 2061 se
598 2022 822 2060 irridentia.
890 2021 1035 2060 Gaium
1067 2021 1346 2059 Veronensem
1388 2023 1428 2057 et
1458 2018 1665 2070 Augusto-

98 2078 330 2119 dunensem
361 2081 433 2130 qui
464 2084 692 2129 comparat,
734 2078 948 2129 intelleget
984 2079 1094 2116 hunc
1132 2077 1339 2115 hominem
1380 2088 1460 2114 non
1491 2076 1664 2126 sapiisse

98 2135 206 2175 ultra
235 2148 366 2176 unum
397 2141 606 2175 auctorem
639 2148 774 2186 suum,
808 2147 1001 2187 quaeque
1032 2135 1073 2173 in
1106 2135 1194 2173 eius
1226 2133 1528 2172 commentariis
1550 2134 1665 2171 inve-

98 2194 155 2231 nit
191 2192 432 2245 simpliciter
475 2198 514 2231 et
550 2192 763 2231 commode
795 2193 997 2243 exposita,
1037 2191 1273 2230 reddidisse
1309 2190 1502 2228 inanibus
1543 2201 1667 2240 repe-

96 2251 309 2290 titionibus
347 2251 401 2288 ita
432 2250 603 2299 referta,
648 2254 692 2288 ut
722 2249 851 2288 verba
883 2248 1115 2298 cumularit,
1150 2260 1217 2287 res
1250 2247 1504 2295 obscurarit3
1547 2247 1664 2284 cuius

98 2307 347 2347 tractationis
389 2308 547 2359 insigne
589 2306 828 2357 exemplum
866 2311 928 2345 est
966 2305 1086 2344 dictio
1127 2305 1232 2344 facta
1270 2305 1418 2343 infecta
1459 2303 1547 2341 fieri
1585 2315 1666 2341 non

98 2377 222 2416 posse
252 2366 294 2404 in
315 2363 434 2404 brevi
458 2364 665 2402 enuntiato
689 2369 751 2402 ter
771 2365 946 2415 repetita
978 2362 1023 2413 (c.
1060 2362 1151 2412 111,
1189 2363 1251 2400 10.
1288 2362 1351 2399 13.
1388 2361 1480 2411 112,
1515 2360 1592 2409 15).

784 2440 803 2449 st

215 2489 246 2528 1)
272 2489 387 2529 LVIII,
415 2490 433 2520 8
458 2488 662 2519 hereditarie
686 2505 729 2509 -
756 2487 868 2527 LVIII,
895 2489 936 2517 23
962 2496 1046 2525 pene
1073 2505 1114 2509 -—
1141 2486 1243 2525 LXlI,
1271 2488 1288 2515 2
1315 2484 1410 2523 sep'e.

215 2535 244 2573 2)
270 2537 282 2565 i
308 2543 372 2575 pro
391 2543 425 2566 e:
452 2533 568 2573 XLIV,
595 2535 612 2564 9
639 2532 853 2572 [dec‘orioms
877 2550 922 2555 —
947 2532 1063 2572 XLIV,
1089 2534 1147 2562 24:
1176 2529 1452 2571 [aclopti0]nis—
1470 2529 1603 2569 XLVII,
1630 2531 1665 2560 3:

102 2581 204 2612 hostis
230 2597 270 2603 —-
298 2580 413 2620 LVIII,
441 2581 476 2610 8:
500 2581 611 2618 partis
635 2595 678 2600 —
706 2578 824 2619 LXIII,
852 2580 870 2609 6
897 2579 980 2609 ciuis
997 2595 1041 2599 —
1059 2577 1084 2608 E
1112 2577 1292 2608 contrario
1319 2585 1335 2607 e
1361 2577 1467 2617 proi:
1495 2574 1593 2615 XLV,
1616 2578 1667 2606 18.

101 2625 218 2667 XLVI,
245 2627 276 2657 2.
302 2628 339 2656 8:
363 2628 524 2664 parentes
541 2642 585 2646 —
603 2623 685 2664 LIV,
704 2625 762 2654 29:
789 2624 926 2655 heredes
951 2640 994 2646 —-
1021 2622 1106 2664 LIX,
1126 2625 1167 2653 29
1186 2630 1283 2653 neces
1306 2639 1350 2643 —-
1377 2620 1461 2661 LXI,
1481 2623 1538 2652 21:
1564 2629 1668 2659 spon-

100 2673 212 2703 siones
236 2688 279 2693 —
306 2670 405 2711 LXII,
432 2673 493 2701 28:
518 2670 704 2709 praesides.
