1918 3110
63 669 114 707 94

61 1010 113 1048 95

42 1125 114 1163 95³

637 227 751 233 .-.-
813 203 891 243 123
951 226 1064 232 ,-
1305 205 1564 243 iussa-95³

130 329 283 380 ualent,
319 329 352 368 si
381 328 504 367 modo
536 329 678 367 Graeci
710 329 909 368 sermonis
942 327 1194 366 intellectum
1224 327 1416 366 habeant.
1470 333 1510 367 et
1541 342 1563 369 e

131 387 334 425 contrario
377 387 568 438 quamuis
608 386 746 424 Latine
787 385 1070 434 enuntientur,
1117 390 1255 422 tamen
1295 386 1416 422 etiam
1457 386 1564 424 inter

129 445 373 494 peregrinos
405 442 559 494 ualent,
592 444 626 481 si
657 441 778 480 modo
810 442 938 480 Latini
970 443 1171 480 sermonis
1204 440 1459 479 intellectum
1492 442 1563 480 ha-

129 499 265 539 beant.
328 504 369 538 at
406 499 477 538 illa
517 499 746 538 uerborum
786 497 979 549 obligatio
1019 510 1112 536 mm
1154 495 1351 536 sponnns‘?
1390 510 1562 537 sronmzo

130 556 234 596 adeo
265 557 434 608 propria
461 557 614 595 ciuium
637 557 911 593 Romanorum
934 560 1008 606 est,
1040 559 1087 593 ut
1107 567 1158 594 ne
1182 554 1352 606 quidem
1373 556 1413 593 in
1435 555 1564 594 Grae-

130 625 225 652 cum
256 625 490 652 sermonem
519 624 596 664 per
625 613 1005 662 interpretationem
1035 613 1202 663 proprie
1224 612 1438 650 transferri
1468 624 1565 663 pos-

130 671 200 721 sit,
240 672 432 722 quamuis
472 669 632 707 dicatur
669 681 689 706 a
728 669 885 708 Graeca
922 681 1025 707 uoce
1066 668 1242 720 figurata
1279 681 1384 708 esse.
1445 669 1562 709 Vnde

129 727 280 766 dicitur
318 740 400 766 uno
441 738 540 765 casu
580 726 655 763 hoc
692 725 825 764 uerbo
865 727 1136 777 peregrinum
1177 738 1345 777 quoque
1387 725 1564 777 obligari

127 796 269 836 posse,
309 783 439 823 ueluti
471 784 504 822 si
534 784 759 833 imperator
795 787 936 821 noster
974 784 1202 834 prIncipem
1235 782 1409 822 alicuius
1441 795 1564 834 pere—

128 842 233 893 grini
264 841 409 892 populi
441 840 493 879 de
524 851 625 890 pace
656 840 711 877 ita
742 841 968 891 interroget
1003 851 1126 878 ΡΑοΕΜ
1159 852 1334 878 ervnAm
1365 838 1562 879 sronnns?

127 898 198 936 uel
229 900 318 948 ipse
342 897 488 936 eodem
510 895 631 935 modo
664 897 953 949 interrogetur.
1006 896 1121 948 quod
1151 898 1323 935 nimium
1355 897 1564 936 subtiliter

129 954 285 993 dictum
317 959 396 1004 est,
436 955 531 1006 quia
564 954 597 992 si
629 953 729 1005 quid
762 953 968 993 aduersus
1006 955 1237 1004 pactionem
1270 954 1358 1004 fiat,
1397 967 1478 993 non
1512 967 1564 993 ex

128 1011 327 1062 stipulatu
364 1012 516 1062 agitur,
559 1009 635 1049 sed
666 1012 756 1049 iure
792 1010 893 1050 belli
928 1022 996 1049 res
1034 1010 1280 1049 uindicatur.
1344 1011 1455 1050 Illud
1488 1011 1566 1050 du-

127 1068 249 1107 bitari
279 1073 432 1119 potest,
475 1069 508 1106 si
540 1068 633 1119 quis
662 1064 1565 1121 {lq———m

608 1126 1097 1177 1————-——
1128 1124 1233 1163 Sunt
1261 1130 1298 1163 et
1322 1124 1429 1164 aliae
1458 1125 1565 1164 obli-

198 1205 207 1213 ,
1181 1182 1212 1217 (7
1237 1190 1360 1212 uersus
1384 1184 1421 1212 in
1450 1182 1474 1214 C
1500 1183 1564 1222 leyi

126 1208 311 1257 gauones
513 1202 1565 1248 -4----*---—-“*—----—--—-‘-—

125 1260 306 1299 nequeunt)
1557 1260 1561 1304 1

438 1308 1561 1510 οοΓΡοΓὸιῌ--ψ-ἶ

220 1591 233 1619 4
263 1589 388 1621 ualent
415 1589 601 1630 Goeschen,
627 1588 751 1620 ualent
776 1592 895 1620 tamen
924 1589 949 1621 C
969 1589 982 1628 ΙΙ
1007 1590 1133 1621 Graeci
1162 1589 1348 1631 Goeschen,
1381 1593 1478 1631 gregi
1506 1591 1532 1624 C
1553 1590 1564 1635 ss

129 1633 352 1666 intellectum
382 1634 570 1674 (iot-schem,
598 1634 817 1666 intellectam
847 1634 872 1666 C
899 1635 912 1675 11
943 1636 1029 1666 3-4
1056 1634 1214 1667 habeant
1242 1636 1428 1677 Goeschen‚
1454 1637 1564 1669 habe-

129 1682 237 1712 antur
264 1679 290 1712 C
325 1679 340 1721 ΙΙ
380 1682 397 1710 6
429 1680 617 1712 transferri
652 1680 838 1721 Goeschen,
870 1680 1050 1712 transfieri
1086 1680 1112 1713 C
1148 1680 1162 1720 11
1196 1683 1236 1712 43
1268 1682 1439 1722 stipulatu
1476 1683 1563 1715 Goe-

127 1726 238 1766 schen,
265 1726 414 1766 stipulat
441 1725 465 1757 C
480 1725 494 1765 11
514 1727 552 1756 44
578 1727 657 1756 inde
681 1726 722 1757 ab
748 1726 778 1757 si
803 1727 884 1766 quis
910 1727 1137 1766 supplendum
1161 1728 1300 1758 uidetur
1324 1731 1384 1759 aut
1408 1729 1445 1760 si
1469 1729 1563 1767 quis

128 1772 360 1811 interroganti
398 1780 474 1802 mni
507 1768 676 1802 sponnns?
714 1772 928 1812 respondeat
967 1780 1128 1804 Pnonrr‘ro
1161 1773 1218 1804 uel
1251 1781 1356 1814 nimo,
1391 1783 1433 1806 an
1468 1778 1564 1807 recte

127 1816 322 1857 obligetur;
356 1819 416 1848 aut
445 1817 482 1848 si
512 1817 607 1855 quis
640 1818 873 1856 interroganti
906 1815 1102 1849 Pnoiiurns‘?
1134 1819 1353 1859 respondeat
1377 1813 1562 1864 Ὂμολογῶ

129 1871 174 1893 an
205 1864 302 1892 recte
334 1862 529 1902 obligetur;
562 1865 622 1893 aut
647 1862 757 1893 simile
781 1863 908 1902 aliquid
933 1863 947 1903 ΙΙ
972 1865 1013 1894 45
1040 1872 1128 1902 seqq.
1155 1864 1399 1895 Proximorum
1429 1869 1562 1897 senten-

130 1909 177 1939 tz'a
203 1908 247 1938 ad
274 1907 467 1946 Epizomam
490 1911 522 1947 2,
549 1910 578 1948 9,
596 1911 619 1940 5
643 1909 692 1939 ita
716 1909 871 1948 suppleri
893 1911 1018 1948 potest:
1046 1909 1134 1940 Sunt
1158 1911 1192 1940 et
1219 1909 1324 1941 aliae
1350 1910 1563 1950 obligatio-

128 1960 224 1989 nes,
256 1952 389 1993 quibus
419 1953 544 1984 uerbis
576 1953 797 1994 obligamur,
830 1955 871 1985 ut
901 1956 1020 1985 tamen
1053 1954 1149 1986 nulla
1182 1955 1423 1995 praecedente
1455 1958 1562 1988 inter-

130 1997 315 2037 rogatione
346 1998 516 2038 obligatio
549 1999 783 2030 contrahatur
807 2001 874 2030 etc.
925 2000 963 2030 In
990 1999 1147 2038 Epitoma
1177 2002 1267 2031 enim
1295 2001 1377 2032 haec
1407 2003 1448 2033 de
1477 2003 1563 2033 dotis

128 2044 272 2074 dictione
297 2044 475 2083 leguntur:
507 2044 597 2075 Sunt
621 2047 655 2074 et
680 2044 771 2075 aliae
796 2044 1050 2086 obligationes,
1083 2054 1175 2085 quae
1201 2045 1297 2077 nulla
1322 2048 1563 2087 praecedente

129 2089 409 2128 interrogatione
433 2089 596 2120 contrahi
621 2091 784 2130 possunt,
810 2089 846 2121 id
865 2092 920 2122 est
936 2092 976 2122 ut
1000 2090 1029 2121 si
1056 2090 1188 2122 mulier
1212 2092 1291 2123 siue
1315 2100 1449 2132 sponso
1474 2102 1564 2125 uxor

129 2133 249 2165 futura
275 2134 352 2165 siue
379 2135 448 2165 iam
476 2135 602 2165 marito
630 2135 751 2166 dotem
779 2135 885 2167 dicat.
935 2135 1032 2176 quod
1059 2137 1132 2167 tam
1159 2136 1204 2168 de
1230 2136 1429 2170 mobilibus
1454 2138 1562 2171 rebus

129 2188 238 2220 quam
267 2179 310 2210 de
336 2179 460 2211 fundis
484 2179 561 2211 fieri
592 2182 719 2220 potest.
770 2180 811 2211 Et
835 2190 906 2212 non
932 2181 1052 2213 solum
1078 2182 1112 2212 in
1139 2181 1207 2213 hac
1233 2182 1450 2223 obligatione
1484 2185 1561 2225 ipsa

130 2224 262 2255 mulier
286 2224 475 2265 obligatur,
502 2225 564 2256 sed
592 2229 626 2256 et
651 2228 749 2265 pater
766 2226 855 2268 eius,
881 2228 916 2257 et
941 2226 1083 2258 debitor
1109 2228 1222 2269 ipsius
1249 2229 1420 2270 mulieris,
1446 2230 1476 2261 si
1504 2239 1562 2269 pe-

130 2270 273 2301 cuniam
299 2279 408 2311 quam
440 2270 489 2301 illi
517 2270 673 2302 debebat
702 2280 834 2312 sponso
865 2272 1066 2304 creditricis
1097 2273 1173 2314 ipse
1205 2273 1349 2305 debitor
1378 2275 1414 2306 in
1440 2275 1562 2306 dotem

131 2316 270 2346 dixerit.
321 2315 392 2346 Hae
418 2317 558 2347 tantum
584 2318 655 2348 tres
685 2325 860 2357 personae
885 2317 980 2349 nulla
1013 2319 1291 2359 interrogatione
1323 2320 1561 2360 praecedente

130 2362 285 2402 possunt
308 2361 466 2392 dictione
494 2361 589 2393 dotis
614 2361 771 2402 legitime
797 2362 959 2403 obligari.
1008 2364 1098 2396 aliae
1127 2373 1214 2396 uero
1238 2373 1414 2405 personae
1440 2367 1468 2398 si
1494 2375 1560 2408 pro

130 2406 281 2438 muliere
308 2407 426 2438 dotem
453 2407 533 2438 uiro
565 2409 813 2448 promiserint,
845 2410 1028 2441 communi
1063 2410 1138 2441 iure
1166 2409 1316 2450 obligari
1343 2411 1494 2452 debent,
1526 2412 1560 2443 id

130 2452 185 2483 est
208 2454 248 2482 ut
273 2453 307 2483 et
334 2453 551 2492 interrogata
582 2453 823 2494 respondeant
846 2455 882 2486 et
906 2455 1075 2495 stipulata
1106 2456 1328 2496 promittant.
1388 2458 1425 2488 Vt
1450 2460 1563 2488 autem

129 2505 175 2528 ex
198 2497 352 2537 reliquiis
377 2506 463 2536 quae
487 2499 523 2528 in
546 2507 652 2529 uersu
678 2501 718 2530 48
744 2503 930 2538 supersunt
955 2504 1116 2540 apparet,
1146 2500 1253 2532 Gaius
1278 2505 1311 2534 et
1333 2504 1563 2542 corporalium

130 2545 162 2574 et
177 2543 446 2581 incorporalium
462 2552 582 2574 rerum
605 2546 808 2575 mentionem
831 2545 971 2585 fecerat.
1017 2546 1111 2584 Quod
1126 2555 1211 2577 uero
1230 2546 1383 2585 Epicome
1400 2549 1505 2580 tradit
1522 2549 1563 2579 de

126 2591 271 2626 parente
289 2589 398 2620 dotem
415 2590 544 2619 (licente
559 2606 605 2611 —
621 2590 709 2628 quod
732 2592 812 2621 item
836 2592 886 2622 ita
902 2594 940 2622 ut
961 2591 1094 2623 Gaiano
1119 2593 1295 2623 contextui
1318 2592 1466 2632 fortasse
1489 2602 1562 2624 ma-

129 2634 182 2672 92⁶³
199 2636 388 2674 conueniat,
413 2635 537 2674 leqitur
558 2635 650 2673 apud
673 2635 853 2674 leianum
872 2639 901 2676 6,
918 2639 940 2670 2
968 2638 1074 2668 »item
1100 2645 1231 2678 parens
1257 2638 1419 2669 mulieris
1445 2639 1561 2671 uirilis

130 2687 246 2719 sexus,
272 2687 336 2719 per
353 2680 496 2711 uirilem
514 2688 637 2711 sexum
656 2681 868 2719 cognatione
894 2682 1048 2722 iunctus,
1074 2682 1176 2714 uelut
1199 2684 1309 2723 pater,
1335 2692 1426 2715 auus
1442 2686 1562 2725 pater-

130 2731 217 2755 nus«
238 2725 332 2755 —id
356 2725 463 2756 tribus
480 2725 552 2764 fere
575 2726 733 2757 uersibus
749 2735 855 2765 usque
871 2728 915 2758 ad
935 2729 1009 2767 424,
1029 2730 1040 2758 4
1066 2736 1268 2767 expressum
1284 2728 1390 2768 fuisse
1413 2731 1559 2761 uidetur.

1577 564 1594 592 5

1578 845 1617 873 40

1577 1080 1654 1112 pag.
1675 1074 1737 1102 453

1577 1130 1618 1159 45

1578 1472 1616 1501 20
