1872 3095
905 195 961 221 vn
1021 205 1136 212 -—-·

148 319 214 346 me
245 307 412 359 angitue
444 307 711 346 conscientia:
751 318 850 345 sane
881 318 1089 358 nusquam
1122 307 1337 358 grauiores
1368 308 1486 347 labes
1519 311 1721 350 contraxit

149 363 282 403 codex
297 365 338 402 in
356 364 415 403 eis
437 364 552 416 locis,
575 376 680 416 quos
701 364 779 402 hoc
794 363 979 402 remedio
1003 363 1097 402 olim
1116 368 1441 415 temptaueram;
1464 366 1588 405 huius
1612 370 1720 406 enim

148 433 225 472 ope
257 425 469 473 tamquam
499 421 596 460 uelo
630 421 812 460 detracto
843 420 1027 459 nudatur
1055 421 1224 472 antiqua
1246 423 1462 472 scriptura,
1486 423 1719 476 eademque

147 479 253 515 intra
275 479 472 530 exiguum
494 483 659 530 tempus
678 477 816 516 denuo
833 479 1019 528 operitur
1035 481 1076 516 et
1090 478 1130 516 in
1147 482 1315 517 ueteres
1333 478 1529 518 tenebras
1556 480 1719 519 demer-

148 536 268 586 gitur.
317 535 464 574 Contra
496 547 577 573 non
607 535 730 586 pauci
761 546 814 573 ex
844 535 903 573 eis
934 534 1048 586 locis,
1080 534 1133 573 ad
1165 546 1270 586 quos
1293 534 1491 587 legendos
1513 536 1610 574 olim
1632 537 1720 575 len-

146 592 249 630 tiore
284 593 323 630 ui
352 591 448 630 kalii
471 592 704 642 sulphurati
726 603 828 629 usus
851 590 1014 642 eram3),
1039 603 1146 630 anno
1171 591 1278 630 4878
1302 598 1342 630 et
1362 604 1468 630 anno
1493 592 1599 631 4883
1623 593 1720 632 saci-

146 647 227 687 lius
259 661 305 687 ac
335 648 501 699 plenius
533 648 614 700 legi
644 653 871 699 potuerunt
902 660 1027 700 quam
1059 660 1165 686 anno
1199 648 1321 687 4868.
1389 649 1533 701 Itaque
1570 652 1719 689 acriter

145 706 300 744 intenta
318 706 533 744 oculorum
551 706 637 744 acie
652 705 947 744 nonnullorum
966 705 1150 744 locorum
1169 704 1485 756 desperatorum
1502 706 1718 746 lectionem

144 763 386 814 nuperrime
406 762 610 813 perficere
631 763 759 813 potui,
792 763 833 800 in
855 762 945 801 aliis
966 762 1009 801 id
1031 767 1142 801 certe
1166 762 1404 802 discernere
1424 765 1557 814 potui,
1580 768 1717 803 utrum

144 819 188 858 id
233 819 346 871 quod
376 823 448 858 aut
477 831 501 858 a
531 819 650 858 nobis
683 824 755 858 aut
796 818 848 858 ab
891 819 981 858 aliis
1018 820 1120 858 uiris
1162 818 1330 872 doctis4)
1364 820 1591 859 diuinando
1623 833 1719 859 con-

144 877 296 914 iectum
337 881 468 928 esset,
514 877 554 915 in
599 876 739 915 codice
777 880 918 914 extare
958 877 1142 927 potuerit
1179 888 1323 916 necne.
1385 876 1521 929 Atque
1561 879 1718 916 utinam

145 934 312 984 saepius
343 934 606 972 coniecturae
637 938 696 971 tot
726 933 943 972 laboribus
982 934 1236 985 excogitatae
1275 933 1416 973 codice
1454 935 1718 974 confirmatae

145 989 303 1028 essent!
336 989 389 1028 At
419 1002 674 1042 quamquam
706 1003 781 1042 ego
814 995 854 1029 et
874 991 1064 1042 Krueger
1085 990 1297 1042 aliquanto
1320 992 1480 1030 cautius
1503 991 1717 1044 pleriSque

144 1059 300 1097 eorum,
334 1047 405 1099 qui
437 1051 530 1086 ante
562 1059 637 1086 nos
669 1047 722 1086 ad
744 1047 889 1086 Gaium
913 1047 1221 1086 emendandum
1244 1053 1518 1099 accesserant,
1551 1049 1592 1086 in
1614 1048 1715 1087 locis

143 1103 350 1143 lacunosis
383 1105 507 1142 crisin
538 1104 829 1155 factitauimus,
867 1106 1011 1155 paucis
1042 1104 1143 1143 locis
1174 1106 1310 1156 ipsum
1343 1105 1592 1144 Gaianorum
1626 1119 1719 1145 uer-

143 1160 291 1199 borum
323 1165 561 1200 contextum
601 1161 840 1200 coniciendo
875 1163 1234 1213 recuperauimus.
1295 1160 1438 1200 Artem
1478 1163 1604 1214 igitur
1642 1175 1718 1202 ne-

143 1218 299 1257 sciendi
330 1218 461 1257 multo
493 1219 615 1257 etiam
647 1219 810 1269 fortius,
860 1231 985 1270 quam
1018 1230 1040 1257 a
1074 1218 1196 1257 nobis
1227 1218 1332 1257 adeo
1365 1219 1519 1257 factum
1551 1224 1633 1272 est,
1677 1222 1716 1258 in

141 1275 328 1314 futurum
366 1275 643 1314 exercendam
683 1287 776 1314 esse
813 1276 911 1314 mihi
949 1280 1119 1314 constat.
1180 1276 1254 1315 Cui
1295 1275 1562 1315 admonitioni
1600 1277 1715 1316 nefas

143 1333 196 1371 sit
236 1333 270 1370 si
308 1333 401 1384 quis
432 1344 583 1383 parere
622 1332 736 1371 nolit.
803 1333 971 1371 Discant
1015 1334 1141 1385 igitur
1179 1333 1366 1372 homines
1415 1332 1523 1372 docti
1569 1346 1622 1372 ex
1659 1336 1716 1373 eis

143 1389 469 1428 correctionibus
492 1389 884 1441 additamentisque,
914 1402 1021 1441 quae
1044 1389 1141 1428 inde
1165 1401 1187 1427 a
1206 1390 1359 1442 pagina
1380 1402 1459 1429 xv11
1481 1391 1606 1429 huius
1629 1391 1717 1430 edi-

141 1447 262 1485 tionis
294 1457 318 1484 a
339 1458 405 1484 me
436 1448 661 1497 composita
693 1452 800 1497 sunt,
835 1458 960 1497 quam
992 1446 1120 1485 fallax
1148 1447 1200 1485 sit
1228 1447 1546 1497 ingeniosissimi
1578 1449 1716 1486 cuius-

142 1515 224 1555 que
266 1504 443 1554 opinatio
485 1503 721 1542 diuinatrix.
798 1503 991 1542 Ceterum
1029 1504 1132 1542 haec
1170 1515 1339 1555 quoque
1381 1505 1527 1543 iterata
1563 1505 1715 1544 codicis

140 1561 392 1599 Veronensis
428 1560 549 1598 lectio
585 1561 683 1598 mihi
723 1561 841 1599 statio
874 1565 949 1611 est,
996 1573 1078 1599 non
1115 1565 1281 1611 portus3
1326 1573 1452 1612 quam
1491 1561 1715 1601 emendare

140 1616 280 1667 uelim,
315 1618 349 1656 si
379 1617 479 1655 mihi
510 1617 637 1655 satum
671 1616 881 1669 largiatur,
913 1617 1021 1656 utin
1044 1617 1202 1656 Italiam
1224 1623 1435 1667 reuertar;
1467 1630 1562 1656 nam
1585 1618 1713 1657 libros

139 1675 362 1725 rescriptos
391 1674 754 1725 perscrutantibus
788 1673 955 1713 difficile
987 1678 1050 1713 est
1080 1674 1132 1713 ab
1163 1675 1326 1725 incepto
1348 1674 1492 1714 labore
1515 1687 1558 1714 se
1581 1675 1715 1714 abdu-

140 1743 247 1782 cere,
266 1731 473 1783 siquidem
487 1743 584 1782 spes
602 1743 718 1782 spem
737 1732 900 1782 excitat,
919 1733 1111 1784 quotiens
1121 1731 1255 1770 codex
1271 1732 1311 1769 in
1321 1743 1468 1771 manus
1478 1734 1716 1772 resumitur.

233 1844 262 1884 3)
289 1843 387 1876 Conf.
418 1843 459 1876 Ca
482 1852 644 1885 prooem.
670 1853 749 1884 pag.
765 1853 845 1876 xvii.

231 1889 262 1930 4)
288 1890 435 1921 Interim
462 1891 524 1921 Gai
549 1890 824 1921 Institutionum
859 1889 971 1921 libros
1008 1899 1091 1921 cum
1124 1890 1185 1921 alii
1217 1890 1411 1922 ediderunt
1446 1893 1522 1922 tum
1550 1891 1718 1923 Huschke

141 1935 290 1977 (Lipsiae
321 1945 352 1968 a.
379 1934 495 1976 4878),
529 1936 634 1967 cuius
666 1935 912 1967 uenerabilem
945 1937 1169 1968 senectutem
1200 1934 1283 1967 felix
1316 1936 1394 1977 illa,
1429 1945 1520 1978 quae
1547 1937 1717 1968 iuuenem

140 1983 341 2022 ornauerat,
370 1981 505 2021 ingenii
530 1981 676 2013 ubertas
701 1982 907 2021 comitatur,
933 1983 969 2012 et
994 1981 1168 2013 Polenaar
1192 1981 1419 2022 (›Syntagma
1445 1982 1715 2014 Institutionum

140 2036 287 2059 nouum.
329 2027 393 2058 Gai
416 2027 662 2058 Institutiones
688 2027 777 2058 iuris
803 2027 923 2058 ciuilis
950 2028 1048 2058 Rom.
1074 2026 1276 2058 secundum
1304 2027 1473 2058 Guilelmi
1491 2028 1716 2059 Studemund

139 2072 218 2104 cod.
244 2073 325 2104 Ver.
351 2072 581 2104 collationem
607 2072 702 2104 edid.
728 2072 869 2104 emend.
896 2073 1061 2113 notisque
1087 2072 1294 2114 illustrauit,
1325 2074 1501 2114 appositis
1526 2074 1716 2105 Iustiniani

139 2118 450 2159 Institutionibus,
484 2119 527 2149 iis
553 2118 700 2158 quidem
728 2127 770 2150 ex
796 2118 1006 2149 recensione
1031 2118 1130 2150 Pauli
1157 2118 1316 2158 Krueger
1342 2119 1414 2150 fere
1440 2120 1618 2160 repetitis,
1646 2122 1713 2150 etc.

138 2164 177 2196 B.
212 2164 234 2195 Ι.
263 2164 452 2204 Polenaar,
478 2163 544 2195 litt.
574 2164 672 2195 hum.
707 2164 742 2194 et
773 2164 839 2195 iur.
873 2166 942 2195 utr.
977 2163 1029 2195 dr.
1056 2163 1219 2204 Lugduni
1246 2164 1463 2196 Batauorum
1496 2165 1593 2205 apud
1626 2164 1663 2197 E.
1689 2164 1713 2196 Ι.

139 2208 238 2241 Brill.
264 2208 534 2249 4876—4879‹).
585 2208 694 2241 Cuius
726 2209 795 2240 uiri
827 2209 1028 2241 doctissimi
1061 2211 1102 2241 ut
1135 2218 1286 2241 acumen
1313 2211 1447 2250 ingenii
1474 2210 1714 2251 agnoscimus,

139 2256 187 2287 ita
220 2254 413 2287 audaciam
448 2257 482 2285 et
507 2254 727 2286 celeritatem
760 2255 796 2286 in
822 2254 1050 2286 emendando
1085 2264 1192 2296 opere
1219 2256 1354 2287 Gaiano
1380 2264 1450 2287 non
1477 2256 1713 2288 aemulamur.

139 2301 231 2333 Nam
268 2309 340 2341 quo
374 2300 510 2332 diutius
545 2300 580 2331 in
607 2300 694 2331 Gaio
719 2301 942 2332 restituendo
973 2309 1120 2341 operam
1145 2301 1398 2342 collocaueris‚
1433 2309 1473 2332 eo
1501 2302 1635 2333 certius
1662 2301 1714 2332 in-

139 2347 302 2387 telleges,
334 2355 442 2386 quam
468 2344 663 2377 difficulter
687 2346 722 2377 in
749 2346 839 2378 locis
870 2346 1068 2386 desperatis
1093 2346 1262 2387 pestifera
1288 2347 1550 2378 medicamenta
1574 2356 1591 2377 a
1618 2346 1714 2378 salu-

139 2393 281 2425 taribus
299 2393 545 2432 secernantur,
571 2394 606 2422 et
630 2399 701 2432 quo
720 2391 878 2432 longiore
896 2399 963 2423 usu
989 2393 1318 2433 exercitationeque
1344 2392 1524 2433 adquisita
1549 2394 1584 2423 et
1608 2391 1713 2423 robo-

139 2440 215 2471 rata
234 2438 343 2470 fuerit
360 2438 396 2468 in
423 2437 491 2468 hoc
517 2435 634 2468 officio
652 2435 815 2478 facultas,
842 2446 883 2468 eo
902 2438 1044 2469 cautius
1070 2446 1089 2468 a
1112 2438 1265 2469 lectione
1284 2437 1414 2469 tradita
1439 2437 1601 2469 recedas.
1640 2437 1711 2477 Ego

139 2484 194 2515 his
211 2483 440 2523 undeuiginti
467 2483 580 2523 annis,
607 2482 738 2523 quibus
758 2482 881 2514 Gaium
902 2483 1065 2524 tractam,
1091 2483 1120 2514 si
1147 2483 1236 2514 nihil
1258 2483 1356 2514 aliud
1383 2491 1468 2514 sane
1493 2484 1563 2515 hoc
1589 2483 1711 2523 didici,

139 2530 253 2562 multo
289 2537 395 2570 saepe
422 2528 609 2559 difficilius
634 2536 712 2560 esse
746 2528 789 2560 ab
816 2529 963 2560 incertis
989 2529 1209 2560 coniecturis
1235 2529 1415 2561 abstinere
1440 2538 1548 2569 quam
1574 2530 1712 2570 praeci-

139 2576 250 2616 pitem
281 2576 316 2607 in
352 2573 580 2605 coniectandi
612 2574 814 2614 periculum
850 2573 944 2606 ferri.
993 2574 1070 2605 Nec
1103 2573 1230 2606 dubito
1265 2575 1352 2615 quin
1379 2576 1413 2606 et
1436 2575 1513 2616 ipse
1541 2574 1712 2606 Polenaar

140 2630 223 2653 mox
249 2624 362 2653 artem
390 2619 577 2652 nesciendi
600 2619 634 2650 in
663 2620 746 2651 crisi
765 2619 898 2651 Gaiana
923 2621 1067 2661 saepius
1093 2621 1415 2652 commendaturus
1440 2621 1495 2660 sit,
1521 2622 1709 2661 postquam

140 2667 279 2708 primus
312 2666 422 2697 animi
457 2666 694 2698 coniectantis
723 2665 831 2696 ardor
862 2666 1080 2697 consederit.
1128 2665 1294 2698 Ceterum
1324 2665 1523 2698 uidendum
1550 2675 1622 2706 quo
1648 2674 1709 2696 sua

140 2722 320 2754 quemque
345 2714 474 2743 natura
499 2712 654 2742 maxime
680 2709 771 2742 ferre
796 2711 974 2744 uideatur.
