1892 3095
293 144 563 185 πιθών-172
809 167 921 173 —
981 145 1033 185 80
1092 166 1205 173 ——

293 283 472 321 cunique
515 276 701 322 ternpore
744 270 943 320 uoluerit,
984 269 1098 308 adire
1135 269 1429 319 hereditatem3
1469 267 1578 323 <sed>
1617 269 1720 310 solet

292 333 458 378 praetor
488 327 795 379 postulantibus
828 326 1086 366 hereditariis
1119 325 1396 365 creditoribus
1427 332 1592 379 tempus
1624 339 1722 366 con-

293 384 482 435 stituere,
523 386 628 422 intra
668 383 780 435 quod
821 385 852 423 si
885 383 989 422 uele't
1019 383 1143 421 adeat
1173 382 1463 434 hereditatem,
1505 385 1538 423 si
1569 386 1718 435 minus,

199 440 278 478 468
294 446 339 479 ut
369 440 490 479 liceat
520 440 796 491 creditoribus
829 440 936 479 bona
970 440 1153 479 defuncti
1184 439 1384 478 uendere.
1441 441 1549 480 Sicut
1580 445 1751 481 autemI·

294 495 401 550 <qui>
435 511 528 536 cum
560 499 739 536 cretione
760 495 771 548 ΙΙ
791 497 913 536 heres
945 498 1157 536 institutus
1190 502 1265 546 est,
1296 497 1373 535 nisi
1400 499 1580 536 creuerit
1599 499 1721 538 here·
1733 509 1809 541 pag.
1830 502 1870 532 97

293 554 479 604 ditatem,
519 567 597 592 non
632 554 676 592 fit
706 554 848 604 heres,
891 555 943 592 ita
974 566 1054 592 non
1087 554 1207 592 aliter
1238 553 1495 604 excluditur,
1529 567 1653 607 quam
1686 556 1720 594 si

293 624 372 650 non
411 613 589 649 creuerit
629 612 734 649 intra
770 610 812 648 id
849 617 1014 661 tempus
1047 623 1128 662 quo
1161 611 1286 649 cretio
1319 611 1430 648 finita
1461 615 1541 659 est;
1579 612 1720 663 itaque

292 668 388 707 licet
418 674 512 706 ante
545 667 653 706 diem
685 668 876 706 cretionis
909 669 1167 706 constituerit
1196 666 1466 706 hereditatem
1488 680 1569 706 non
1592 668 1721 720 adire,

293 731 431 763 tamen
472 725 721 775 paenitentia
764 730 879 763 actus
920 730 1142 775 superante
1183 724 1248 763 die
1289 725 1480 763 cretionis
1512 725 1720 764 cernendo

201 781 279 819 469
295 783 414 820 heres
447 793 540 820 esse
571 786 718 832 potest.
771 781 821 819 At
851 782 899 832 is,
932 782 1003 833 qui
1035 782 1122 820 sine
1154 782 1333 820 cretione
1365 781 1487 820 heres
1508 782 1774 821 institutus⁴⁰

295 844 368 887 est,
403 839 528 889 quiue
560 837 612 876 ab
645 839 836 876 intestato
867 849 944 889 per
974 837 1108 889 legem
1138 843 1329 887 uocatur,
1373 839 1480 877 sicut
1508 837 1721 878 uoluntate

292 894 406 934 nuda
437 895 558 934 heres
591 894 646 944 fit,
679 896 734 933 ita
765 900 806 933 et
836 896 1038 933 contraria
1071 894 1340 934 destinatIOne
1373 896 1507 933 statim
1529 894 1582 934 ab
1604 896 1725 935 here-

201 951 278 989 470
295 952 420 991 ditate
457 950 687 1002 repellitur.
749 951 890 990 Omnis
929 957 1067 990 autem
1110 953 1235 990 cretio
1266 957 1377 990 certo
1407 957 1595 1003 tempore
1627 965 1723 991 con-

295 1009 521 1060 stringitur.
574 1010 614 1046 in
647 1021 771 1060 quam
802 1020 890 1047 rem
920 1008 1140 1047 tolerabile
1171 1014 1337 1059 tempus
1369 1010 1506 1047 uisum
1539 1014 1602 1048 est
1624 1022 1723 1048 cen-

293 1072 382 1104 tum
426 1065 599 1104 dierum.
668 1071 804 1117 potest
847 1071 985 1104 tamen
1032 1065 1155 1105 nihilo
1195 1066 1332 1104 minus
1373 1067 1463 1104 iure
1503 1065 1613 1105 ciuili
1651 1071 1777 1105 aut⁴5

294 1123 458 1174 longius
495 1127 566 1160 aut
597 1121 770 1161 breuius
801 1127 967 1173 tempus
1001 1121 1111 1171 dari3
1149 1121 1313 1174 longius
1344 1127 1481 1161 tamen
1512 1123 1719 1162 interdum

203 1178 272 1215 474
294 1185 462 1230 praetor
507 1184 670 1218 coartat.
738 1179 788 1218 Et
832 1180 1024 1230 quamuis
1070 1180 1200 1218 omnis
1246 1180 1370 1217 cretio
1409 1180 1530 1218 certis
1572 1179 1722 1219 diebus

296 1238 612 1287 constringatur,
653 1241 791 1275 tamen
823 1236 900 1274 alia
932 1237 1057 1275 cretio
1089 1235 1275 1287 uulgaris
1305 1241 1490 1286 uocatur,
1523 1235 1603 1275 alia
1634 1249 1724 1276 cer—

294 1299 431 1332 torum
464 1293 645 1332 dierum:
684 1292 869 1343 uulgaris
901 1292 991 1344 illa,
1033 1304 1157 1344 quam
1189 1304 1315 1343 supra
1347 1294 1634 1344 exposuimus,
1680 1293 1721 1332 id

296 1356 358 1389 est
398 1351 438 1388 in
479 1361 561 1402 qua
599 1349 838 1389 adiciuntur
868 1350 970 1388 haec
999 1348 1133 1388 uerba
1163 1361 1300 1395 vavs
1331 1361 1436 1388 scmr
1466 1354 1777 1400 rorsmrovn320

297 1412 503 1445 certorum
541 1406 721 1456 dierum,
760 1408 801 1445 in
841 1418 922 1458 qua
963 1406 1156 1445 detractis
1188 1406 1249 1444 his
1283 1406 1426 1446 uerbis
1457 1412 1594 1446 cetera
1625 1408 1724 1446 scri-

204 1463 466 1503 472buntur.
533 1464 717 1510 Quarum
763 1465 991 1502 cretionum
1030 1475 1178 1515 magna
1217 1463 1448 1502 differentia
1488 1469 1561 1503 est.
1629 1476 1723 1503 nam

297 1520 460 1572 uulgari
502 1522 682 1559 cretione
721 1520 816 1559 data
852 1519 955 1560 nulli
994 1520 1081 1559 dies
1124 1525 1422 1571 conputantur,
1459 1521 1537 1560 nisi
1568 1521 1723 1573 quibus

298 1579 435 1616 scierit
470 1579 649 1629 quisque
688 1589 732 1616 se
775 1577 973 1617 heredem
1012 1589 1102 1616 esse
1140 1577 1372 1616 institutum
1405 1582 1446 1616 et
1474 1579 1605 1629 possit
1635 1589 1724 1617 cer-

296 1647 409 1673 nere.
471 1640 677 1673 certorum
708 1646 809 1674 uero
843 1633 1006 1673 dierum
1037 1635 1215 1672 cretione
1247 1634 1340 1673 data
1372 1635 1494 1673 etiam
1523 1636 1727 1674 nescienti
1739 1638 1779 1668 25

297 1704 342 1730 se
372 1691 569 1730 heredem
601 1692 832 1729 institutum
864 1703 957 1730 esse
978 1696 1251 1729 numerantur
1273 1690 1362 1730 dies
1384 1687 1595 1743 confltinui3
1627 1693 1725 1731 item
1739 1701 1816 1734 pag.
1835 1693 1879 1724 ⁹8*

298 1750 335 1787 ei
366 1761 553 1800 quoquc,
596 1749 666 1799 qui
697 1747 835 1799 aliqua
866 1760 918 1787 ex
949 1759 1074 1786 causa
1105 1759 1276 1787 cernere
1306 1747 1571 1798 prohibetur,
1606 1755 1646 1788 et
1676 1762 1724 1788 eo

298 1805 476 1856 amplius
509 1806 557 1854 ei,
592 1806 662 1856 qui
695 1804 773 1843 sub
806 1803 1044 1843 condicione
1076 1805 1198 1844 heres
1219 1805 1430 1843 institutus
1453 1811 1526 1855 est,
1558 1811 1724 1857 tempus

297 1868 558 1910 numeratum
589 1861 703 1900 unde
734 1860 883 1900 molius
915 1867 955 1900 et
985 1862 1121 1912 aptius
1154 1866 1217 1900 est
1246 1861 1411 1913 uulgari
1443 1863 1623 1901 cretione
1650 1864 1722 1901 uti.

1524 1951 1565 1960 -vs

387 1996 407 2035 ξ
427 1999 488 2028 469
515 1996 597 2027 inde
622 1996 667 2027 ab
695 1998 730 2027 44
761 1998 847 2027 sicut
870 1996 945 2028 fere
971 2009 1011 2023 =
1040 1996 1122 2028 Inst.
1149 1998 1179 2037 2,
1208 1999 1247 2028 49
1275 1998 1292 2027 7
1319 1995 1333 2037 ΙΙ
1355 1998 1373 2037 ξ
1393 1999 1450 2029 474
1481 2005 1589 2037 supra
1611 1996 1632 2037 ξ
1650 1999 1725 2029 465.

389 2122 403 2151 4
449 2120 513 2152 sed
554 2121 683 2152 addidit
724 2121 865 2161 Heffcer,
907 2129 969 2152 om.
1013 2119 1039 2152 C
1067 2120 1081 2160 ΙΙ
1114 2122 1131 2151 3
1160 2120 1247 2152 uelit
1276 2120 1380 2152 adeat
1410 2121 1581 2163 Huschke,
1612 2121 1727 2154 uelint

297 2166 427 2198 adeant
461 2165 485 2196 C
522 2166 655 2205 (priore
684 2175 701 2195 a
736 2167 853 2196 littera
884 2174 928 2196 ex
954 2166 975 2197 h
1001 2167 1166 2197 correcta)
1202 2165 1216 2206 ΙΙ
1251 2168 1267 2197 4
1300 2166 1392 2198 bona
1423 2167 1607 2208 mesenen,
1639 2167 1662 2199 ᾖ
1691 2166 1726 2207 C,

296 2212 384 2252 conf.
425 2211 465 2243 Ca
497 2220 576 2251 pay.
606 2213 675 2243 310
709 2219 800 2241 uers.
830 2213 874 2242 31
907 2211 920 2250 n
959 2212 1053 2242 sicut
1090 2211 1304 2252 Lachmann,
1341 2213 1434 2253 siqui
1476 2212 1501 2244 C
1531 2213 1545 2253 ΙΙ
1578 2215 1596 2244 5
1633 2211 1727 2254 (qui)

298 2266 361 2289 om.
391 2256 416 2289 C
437 2256 451 2296 ΙΙ
475 2258 491 2287 7
519 2257 573 2288 cst
601 2256 769 2288 Goeschen
794 2256 905 2297 (olim),
933 2257 961 2287 si
993 2256 1018 2288 C
1039 2256 1053 2296 ΙΙ
1079 2258 1112 2287 44
1144 2258 1251 2297 quiue
1276 2257 1483 2297 Lachmann,
1509 2258 1642 2299 quique
1670 2257 1695 2290 C
1715 2256 1728 2299 ΙΙ

298 2302 482 2334 uoluntate
519 2301 614 2333 nuda
656 2300 694 2343 C,
737 2301 832 2333 nuda
871 2302 1056 2333 uoluntate
1095 2302 1175 2333 Inst.
1208 2302 1222 2342 ΙΙ
1255 2304 1296 2334 46
1331 2302 1524 2344 interdum]
1560 2302 1646 2343 conf.
1685 2301 1726 2334 C³

294 2357 376 2388 paq.
404 2350 471 2381 272
494 2356 585 2378 uer-s.
614 2350 629 2377 4
656 2346 671 2386 11
702 2349 739 2377 47
772 2347 884 2378 cretio
917 2356 960 2378 ex
986 2348 1117 2379 ceretio
1144 2351 1334 2379 correctum
1361 2347 1384 2380 C
1408 2347 1422 2389 ΙΙ
1451 2351 1493 2380 2⁰
1520 2348 1727 2381 adiciuntur

298 2393 394 2432 (cons.
429 2393 497 2432 le.
522 2396 584 2432 22,
608 2395 663 2433 31)
702 2392 864 2432 Huschke,
902 2392 1072 2424 dicuntur
1112 2392 1136 2425 C
1167 2393 1180 2432 11
1213 2402 1303 2425 seim
1344 2393 1523 2435 Goeschen,
1565 2394 1634 2425 siet
1669 2392 1729 2433 Css

299 2441 340 2469 25
373 2439 531 2470 cretione
565 2439 750 2478 Goeschen,
785 2438 896 2469 cretio
938 2438 962 2470 C
994 2437 1007 2478 ΙΙ
1040 2439 1212 2470 nescienti
1241 2438 1428 2480 Goeschen,
1460 2439 1642 2471 nesciente
1671 2436 1728 2480 ΟΙΙ

299 2486 340 2514 28
368 2485 566 2515 intstitutus
595 2482 619 2515 C
651 2485 664 2524 ΙΙ
697 2486 738 2515 29
762 2484 869 2515 uerba
894 2483 1022 2514 melius
1048 2485 1083 2514 et
1107 2485 1226 2525 aptius
1251 2485 1305 2516 est
1328 2485 1466 2525 uulgari
1491 2484 1651 2516 cretione
1675 2485 1726 2515 uti

300 2538 343 2559 ecc
367 2531 567 2569 ylosscmate
591 2533 674 2561 nata
700 2538 771 2561 esse
795 2537 863 2559 non
892 2529 981 2559 male
1012 2532 1123 2560 censet
1149 2530 1335 2571 Polenaar;
1365 2531 1452 2562 idem
1486 2530 1619 2569 lonyius
1647 2537 1728 2568 pro-

299 2583 437 2612 ,qressus
466 2578 541 2614 post
572 2577 783 2606 numeratur
813 2576 849 2606 in
881 2582 985 2605 uersu
1019 2576 1059 2604 29
1093 2575 1186 2606 addit
1217 2576 1427 2607 continuum
1453 2578 1484 2606 et
1506 2575 1613 2606 uerba
1637 2576 1726 2615 (pay.

301 2621 353 2659 84,
381 2623 411 2658 4)
439 2621 522 2660 quia
549 2621 709 2652 continui
737 2620 814 2652 dies
839 2621 1074 2650 numerantur
1099 2620 1204 2651 deleri
1226 2621 1331 2661 iuben
1364 2624 1467 2652 totam
1500 2620 1520 2660 ξ
1549 2622 1611 2652 475
1637 2623 1727 2651 tam-

299 2673 400 2702 quam
424 2667 591 2705 ylossema
617 2667 702 2697 delet
728 2665 916 2697 Muirhead.
