1892 3095
278 170 547 211 154322—434
793 191 905 199 -—-
963 169 1014 207 32
1076 191 1187 197 -—

279 297 442 347 patione
475 299 630 336 exeunt
660 293 712 333 de
744 294 870 346 patris
903 297 1431 349 potestate———j

519 353 797 392 manumissae
837 351 992 390 fuerint
1023 346 1397 400 s-———-—-{

190 522 266 560 ⁴33
280 519 1171 560 —--————-—-Admonendi
1205 526 1337 560 autem
1366 532 1506 561 sumus
1537 521 1702 561 liberum
1719 531 1738 561 5

282 592 365 620 esse
397 579 611 619 arbitrium
642 580 680 617 ez'
698 579 766 631 qui
781 579 909 630 filium
931 584 966 618 et
987 590 1042 618 eoe
1063 591 1104 617 eo
1125 583 1301 630 nepotem
1321 578 1364 616 in
1382 583 1570 630 potestate
1590 579 1708 618 habe-

282 637 346 688 bit,
376 637 503 688 fitium
535 635 690 688 quidem
721 635 768 674 de
794 640 985 687 potestate
1015 636 1225 683 dimittere,
1260 639 1436 687 nepotem
1458 647 1554 675 uero
1576 636 1618 675 in
1636 649 1707 689 po-

283 699 418 733 testate
444 694 639 741 retinere‚·
672 692 738 732 uel
759 704 814 732 eoe
836 692 996 732 diuerso
1013 693 1142 745 fitium
1163 691 1320 745 quidem
1342 693 1383 731 in
1402 697 1591 744 potestate
1612 695 1708 733 reti-

282 763 390 802 nere,
421 755 597 802 nepotem
626 761 722 789 uero
753 750 1046 801 manumittere,
1077 750 1142 789 uel
1172 761 1304 788 omnes
1327 750 1394 788 sui
1413 751 1518 789 iuris
1540 749 1703 802 efficere.

192 865 261 902 Η]
284 808 420 847 eadem
451 812 487 846 et
516 806 563 846 de
589 811 805 859 pronepote
835 806 941 846 dicta
972 819 1055 847 esse
1087 807 1365 859 intelleyemus.
1405 815 1763 844 ————-⁴o

219 878 268 901 .-t
322 890 327 891 ν

282 976 294 1031 ΙΙ
324 983 365 1017 et
386 978 493 1018 duae
515 978 820 1018 intercedentes
844 979 1186 1018 manumissiones
1207 977 1382 1030 proinde
1405 978 1520 1029 fiunt,
1553 989 1601 1017 ac
1622 978 1710 1017 fieri
1726 992 1800 1026 pag.
1821 986 1859 1016 37

286 1035 430 1086 solent,
464 1049 558 1075 cum
590 1037 644 1075 ita
676 1049 771 1075 eum
801 1041 919 1088 pater
950 1035 1002 1074 de
1025 1040 1226 1087 potestate
1250 1035 1425 1086 dimittit,
1458 1039 1503 1073 ut
1523 1036 1587 1075 sui
1608 1036 1710 1075 iuris

287 1093 502 1133 efficiatur.
566 1093 718 1132 deinde
750 1098 821 1132 aut
852 1094 956 1145 patri
987 1093 1305 1144 remancipatur,
1339 1097 1379 1131 et
1409 1091 1461 1131 ab
1494 1105 1541 1131 eo
1572 1093 1606 1132 is
1638 1094 1765 1145 quils

287 1150 457 1202 adoptat
496 1150 680 1190 uindICat
715 1150 830 1202 apud
861 1154 1094 1201 praetorem
1126 1149 1256 1188 filium
1289 1161 1410 1188 suum
1442 1161 1548 1201 esse,
1581 1155 1622 1189 et
1642 1149 1711 1189 illo

287 1213 428 1247 contra
458 1220 539 1247 non
570 1208 805 1247 uindicante
838 1205 908 1259 <0>
938 1211 1128 1258 praetore
1161 1206 1384 1245 uindicanti
1416 1205 1526 1246 filius
1557 1206 1713 1246 addici-

288 1271 376 1314 t11r3
408 1270 479 1305 aut
507 1277 589 1304 non
620 1266 928 1316 remancipatur
958 1265 1076 1316 patri,
1110 1263 1178 1302 sed
1209 1263 1261 1302 ab
1294 1276 1341 1302 eo
1371 1262 1556 1302 uindicat
1585 1264 1618 1302 is
1642 1265 1713 1316 qui

288 1322 475 1374 adoptat,
520 1322 629 1374 apud
667 1334 791 1375 quem
828 1322 868 1360 in
905 1321 1022 1360 tertia
1059 1321 1356 1372 mancipatione
1389 1324 1470 1369 est;
1509 1319 1583 1360 sed
1615 1333 1714 1361 sane

379 1471 479 1511 §433
507 1483 548 1497 ==
574 1470 650 1511 Dig.
676 1472 707 1511 ⁴,
734 1472 764 1511 7,
792 1471 849 1510 283
877 1469 964 1502 1nst.
994 1472 1022 1511 4,
1052 1471 1102 1510 ⁴2,
1129 1471 1158 1501 7.

1220 1546 1263 1555 axa,
1267 1545 1712 1556 ww

291 1607 441 1640 masculi
466 1616 509 1639 ex
534 1606 608 1639 filio
634 1615 706 1638 una
732 1605 1017 1646 emancipatione
1043 1604 1087 1636 de
1110 1605 1223 1645 patris
1242 1603 1298 1635 uel
1317 1604 1373 1636 aui
1393 1604 1525 1636 exeunt
1540 1604 1715 1644 potestate

291 1656 325 1685 et
349 1653 402 1685 sui
428 1653 518 1684 iuris
542 1651 760 1684 efficiuntur.
815 1651 859 1682 Et
889 1650 925 1682 hi
956 1650 1024 1691 ipsi
1055 1649 1254 1691 quamlibet
1283 1658 1355 1682 una
1386 1649 1647 1690 mancipatione
1671 1648 1716 1681 de

291 1699 403 1741 patris
428 1698 486 1730 uel
517 1698 575 1730 aui
607 1699 784 1740 potestate
814 1698 957 1735 exeant,
994 1696 1061 1728 nisi
1087 1704 1106 1726 a
1136 1697 1236 1736 patre
1263 1694 1448 1727 fiduciario
1479 1695 1717 1736 remancipati

291 1745 424 1777 suerint
447 1745 482 1775 et
506 1753 525 1775 a
551 1743 705 1775 naturali
728 1744 829 1784 patre
854 1741 1082 1782 manumissi,
1112 1740 1309 1773 succedere
1341 1741 1392 1772 eis
1418 1739 1591 1772 naturalis
1615 1743 1718 1782 pater

292 1799 362 1822 non
387 1790 517 1832 potest,
543 1790 609 1822 nisi
636 1788 857 1827 fiduciarius,
883 1796 901 1818 a
927 1796 998 1828 quo
1025 1787 1236 1818 manumissi
1261 1783 1370 1828 sunt(‚
1402 1785 1637 1817 hereditatem
1662 1793 1719 1818 re-

292 1835 497 1878 pudiauerit
513 1836 575 1866 aut
593 1835 788 1867 decesserit
810 1834 866 1865 uel
890 1833 1014 1865 similia
1028 1830 1231 1874 perierunt).
1273 1832 1364 1864 Nam
1383 1832 1413 1863 si
1431 1831 1717 1872 remancipatum

292 1891 375 1914 eum
399 1881 469 1913 sibi
499 1880 673 1913 naturalis
696 1881 798 1922 pater
827 1879 886 1911 uel
916 1886 1006 1910 auus
1030 1878 1289 1918 manumiserit‚
1317 1880 1392 1918 ipse
1418 1877 1450 1909 ei
1467 1877 1503 1908 in
1520 1876 1719 1909 hereditate

292 1926 465 1960 succedit.

384 1974 470 2003 4-2
503 1972 590 2011 (post
612 1971 793 2012 potestate)
818 1970 931 2010 forma
960 1969 1095 2001 Gaiana
1125 1977 1152 2000 e.
1180 1978 1212 2009 9.
1243 1969 1324 2000 haec
1347 1967 1454 2008 fuisse
1473 1971 1598 2008 potest:
1631 1969 1666 1999 et
1689 1968 1717 1999 si

292 2028 335 2051 ex
360 2027 401 2050 ea
426 2018 691 2058 mancipatione
713 2016 991 2048 manumissae
1014 2014 1185 2052 fuerint,
1209 2015 1266 2046 sui
1287 2014 1372 2046 iuris
1390 2013 1603 2045 efficiuntur.
1622 2013 1636 2054 ll
1655 2017 1721 2045 5—

295 2067 334 2096 lo
363 2063 603 2103 (Admonendi
618 2079 665 2086 ——
681 2062 951 2102 intellegemus),
978 2069 1122 2101 quorum
1145 2060 1328 2091 uerborum
1351 2068 1412 2092 nec
1432 2059 1513 2091 uola
1535 2067 1599 2091 nec
1614 2060 1720 2091 uesti-

292 2112 386 2151 9ium
402 2111 438 2142 in
456 2110 578 2141 codicis
599 2108 623 2140 C
636 2110 766 2148 pagina
782 2109 826 2139 3⁶
844 2108 961 2146 dispici
975 2109 1087 2146 potest
1114 2105 1212 2145 (conf.
1234 2104 1313 2145 Cas),
1339 2114 1384 2136 ea:
1404 2105 1479 2146 Diq.
1502 2105 1568 2143 (ubi
1587 2105 1719 2137 »Gaius

295 2156 353 2187 lib.
374 2156 383 2186 1
404 2156 508 2187 lnst.‹
528 2154 701 2193 laudatur)
726 2156 757 2184 et
777 2153 855 2184 Inst.
874 2154 910 2184 in
923 2154 1112 2192 posteriore
1128 2152 1228 2183 huius
1252 2153 1398 2192 paginae
1420 2153 1521 2190 parte
1537 2151 1720 2182 inserenda

294 2210 365 2233 esse
389 2201 554 2232 intellexit
582 2199 751 2231 Goeschen
768 2197 781 2238 ΙΙ
799 2200 886 2229 5-6
911 2197 1137 2229 Admonendi
1163 2199 1281 2228 autem
1308 2204 1432 2228 sumus
1458 2195 1615 2228 liberum
1641 2203 1720 2227 esse

293 2246 483 2278 arbitrium
511 2245 602 2286 Inst.,
629 2244 795 2276 Liberum
822 2243 1009 2275 arbitrium
1035 2244 1089 2275 est
1116 2242 1190 2282 Οἱς.
1214 2241 1227 2281 ΙΙ
1251 2244 1269 2273 6
1296 2244 1462 2282 nepotem
1488 2241 1576 2282 Diy„
1612 2248 1721 2282 nepo-

297 2296 365 2324 tem
391 2291 449 2323 uel
477 2293 619 2331 neptem
647 2290 725 2321 [nst.
744 2289 758 2330 ΙΙ
777 2292 792 2319 7
822 2289 865 2321 de
890 2290 1067 2330 potestate
1087 2289 1178 2328 Inst.,
1203 2288 1379 2328 potestate
1399 2287 1474 2327 Βία.
1492 2285 1610 2326 {luero
1631 2286 1720 2327 Diffi,

295 2346 382 2370 uero
407 2336 464 2369 uel
492 2339 634 2377 neptem
663 2336 742 2366 Inst.
773 2332 785 2375 ΙΙ
818 2337 835 2366 8
861 2334 918 2366 uel
947 2334 1038 2375 thlw
1064 2335 1099 2366 et
1125 2334 1204 2365 Inst.
1234 2330 1246 2374 Η
1279 2335 1296 2363 9
1322 2341 1409 2364 uero
1436 2333 1524 2373 Diffi,
1550 2340 1635 2363 uero
1662 2331 1719 2362 uel

297 2386 438 2424 neptem
468 2382 547 2413 [nst.
571 2379 584 2424 ΙΙ
615 2383 633 2412 9
660 2381 716 2413 uel
736 2396 776 2403 —
797 2382 835 2411 40
863 2379 1109 2419 intellegemus
1129 2379 1217 2420 Dia„
1244 2378 1368 2409 eadem
1394 2380 1429 2410 et
1453 2377 1497 2409 de
1523 2379 1720 2418 pronepote

295 2430 352 2460 uel
379 2430 551 2469 pronepte
576 2427 670 2459 dicta
701 2434 780 2458 esse
815 2424 1082 2465 intellegantur,
1118 2423 1177 2456 uel
1216 2432 1342 2455 omnes
1373 2424 1429 2454 sui
1461 2423 1549 2454 iuris
1578 2421 1720 2453 efficere

297 2480 375 2511 [nst.
392 2477 405 2520 ΙΙ
429 2480 468 2509 43
495 2480 574 2509 ante
604 2478 639 2507 et
663 2475 753 2507 duae
775 2475 1014 2514 praecessierit
1038 2474 1104 2505 tale
1128 2474 1225 2512 quid:
1259 2473 1443 2504 Praeterea
1467 2472 1632 2512 parentes
1655 2478 1719 2502 eos

297 2524 429 2556 liberos
462 2524 496 2555 in
528 2523 704 2564 potestate
736 2520 866 2552 habere
898 2519 1081 2559 desinunt,
1113 2527 1204 2559 quos
1236 2518 1313 2550 aliis
1344 2518 1379 2548 in
1404 2516 1634 2557 adoptionem
1659 2515 1718 2547 de-
1769 2547 1772 2551 ,

297 2570 436 2601 derunt.
490 2570 525 2600 et
551 2569 585 2599 in
616 2567 686 2599 filio
718 2565 880 2607 quidem,
912 2565 942 2596 si
975 2565 1009 2595 in
1041 2564 1271 2604 adoptionem
1313 2562 1434 2603 datur,
1471 2564 1543 2593 tres
1585 2561 1719 2593 manci-

297 2617 458 2656 pationes
480 2613 493 2653 ΙΙ
518 2615 557 2645 44
578 2615 617 2645 ut
638 2613 818 2653 Goeschen,
844 2612 905 2642 aut
926 2609 951 2642 C
974 2611 985 2650 ll
1003 2611 1043 2641 45
1061 2609 1235 2641 efficiatur
1264 2608 1443 2648 Goeschen,
1469 2606 1667 2639 efficiantur
1685 2606 1717 2647 C,

298 2661 383 2699 cons.
411 2660 451 2691 (5³
480 2659 492 2700 {l
524 2662 563 2691 46
596 2658 689 2700 apud
724 2657 911 2697 Goeschen,
942 2657 1051 2696 aaput
1079 2654 1104 2687 C
1136 2654 1148 2697 ΙΙ
1186 2657 1225 2686 47
1257 2653 1460 2686 uindicante
1491 2661 1509 2684 a
1539 2652 1717 2692 Goeschen,

298 2707 463 2738 uincante
492 2705 525 2737 C.
