1892 3095
271 192 474 231 1585-90
789 213 897 219 —
958 190 1011 229 22
1070 212 1183 219 „—

271 328 364 355 eum
396 317 649 367 pertineant,
688 316 804 354 cuius
837 320 967 355 mater
998 315 1143 354 ancilla
1175 316 1309 354 fuerit.
1373 315 1448 355 sed
1482 321 1522 356 et
1550 316 1590 355 in
1622 316 1698 356 hac

271 374 408 425 specie
452 372 575 412 diuus
607 373 885 423 Vespasianus
922 372 1168 425 inelegantia
1208 373 1308 411 iuris
1345 378 1480 412 motus
1522 374 1700 412 restituit

271 432 371 469 iuris
418 431 599 482 gentium
645 429 854 480 regulam,
899 433 945 468 ut
990 431 1098 468 omni
1137 429 1280 480 modo,
1327 431 1484 469 etiamsi
1525 430 1698 469 masculi

205 489 255 526 8ss
271 491 512 537 nascantur,
551 487 662 525 serui
701 487 782 524 sint
817 487 905 524 eius
938 487 1055 525 cuius
1088 491 1128 525 et
1159 491 1290 525 mater
1320 486 1453 526 suerit.
1515 486 1599 527 Sed
1629 486 1696 525 illa

271 556 366 596 pars
400 543 587 583 eiusdem
620 542 722 593 legis
754 541 869 580 salua
903 548 974 593 est,
1019 548 1065 581 ut
1095 555 1147 582 ex
1177 542 1307 582 libera
1340 548 1380 582 et
1405 555 1528 582 seruo
1550 543 1731 594 alieno,5

272 614 396 653 quem
436 599 594 639 sciebat
625 611 795 638 seruum
828 611 938 650 esse,
974 601 1085 638 serui
1120 605 1353 639 nascantur.
1415 602 1554 652 itaque
1586 599 1698 652 apud

271 670 375 711 quos
413 656 503 696 talis
544 656 612 695 lex
644 668 723 694 non
756 660 836 706 est,
876 657 948 708 qui
978 658 1162 695 nascitur
1206 659 1294 696 iure
1334 658 1517 710 gentium
1557 658 1698 696 matris

271 714 551 754 condicionem
583 714 775 764 sequitur
806 717 847 751 et
878 712 930 752 ob
961 712 1003 752 id
1035 713 1144 753 liber
1174 719 1245 753 est.

204 773 254 811 87
384 770 544 818 Quibus
575 775 711 808 autem
744 769 910 808 casibus
943 771 1081 809 matris
1107 775 1147 809 et
1167 783 1248 810 non
1270 771 1398 822 patris
1421 769 1700 810 condicionem

271 830 460 880 sequitur
492 828 563 879 qui
597 828 790 876 nascitur,
831 826 965 865 isdem
997 827 1162 866 casibus
1193 828 1232 866 in
1264 832 1466 879 potestate
1499 839 1594 867 eum
1625 839 1753 879 ρει-4ο

268 887 359 935 tris,
408 885 566 923 etiamsi
611 885 644 922 is
695 885 795 922 ciuis
835 885 1038 923 Romanus
1076 885 1147 935 sit,
1190 896 1273 923 non
1310 897 1402 924 esse
1437 883 1535 936 plus
1573 896 1697 936 quam

269 941 531 980 manifestum
563 945 637 979 est.
690 945 730 979 et
759 940 852 980 ideo
885 942 1078 992 superius
1101 941 1334 980 rettulimus
1357 941 1611 994 quibusdam
1633 953 1698 979 ca-

269 999 385 1037 sibus
417 1010 492 1049 per
523 1009 706 1036 errorem
737 1009 818 1036 non
850 998 956 1036 iusto
987 1003 1193 1037 contracto
1224 999 1481 1036 matrimonio
1509 1003 1698 1038 senatum

270 1056 524 1094 interuenire
569 1060 609 1094 et
647 1055 870 1093 emendare
903 1056 1049 1093 uitium
1087 1056 1355 1106 matrimonii,
1402 1067 1536 1108 eoque
1577 1054 1699 1093 modo

269 1113 517 1164 plerumque
550 1111 730 1162 efficere,
761 1116 808 1150 ut
837 1112 876 1150 in
911 1116 1153 1163 potestatem
1185 1113 1312 1164 patris
1335 1110 1444 1151 filius
1465 1111 1753 1164 redigatur.⁴5

203 1173 254 1209 88
270 1169 352 1209 Sed
391 1171 424 1209 si
461 1168 609 1208 ancilla
648 1181 700 1207 ex
738 1169 829 1208 ciue
868 1170 1046 1208 Romano
1078 1170 1331 1220 conceperit,
1371 1168 1523 1208 deinde
1554 1180 1699 1208 manu-

270 1228 393 1265 missa
439 1227 540 1266 ciuis
578 1227 757 1264 Romana
802 1226 907 1264 facta
953 1227 1004 1265 sit
1048 1231 1088 1266 et
1132 1231 1230 1265 tunc
1267 1227 1418 1278 pariat,
1465 1225 1562 1265 licet
1596 1226 1698 1264 ciue's

269 1285 469 1322 Romanus
511 1284 562 1322 sit
593 1285 664 1335 qui
694 1284 896 1334 nascitur,
919 1280 933 1334 Η
957 1284 1063 1322 sicut
1093 1288 1211 1335 pater
1243 1284 1347 1335 eius,
1377 1295 1460 1322 non
1489 1286 1627 1322 tamen
1658 1283 1699 1320 in
1714 1301 1790 1334 pag.
1809 1293 1850 1325 24

267 1345 467 1392 potestate
509 1342 636 1392 patris
683 1345 757 1391 est,
795 1341 891 1392 quia
928 1352 1067 1392 neque
1108 1353 1160 1379 ex
1195 1341 1302 1378 iusto
1335 1340 1444 1379 coitu
1475 1343 1699 1391 conceptus

269 1402 332 1436 est
366 1409 505 1449 neque
538 1409 590 1436 ex
622 1396 707 1436 ullo
740 1397 1098 1436 senatusconsulto
1130 1397 1222 1435 talis
1254 1398 1384 1436 coitus
1417 1397 1536 1449 quasi
1565 1397 1699 1436 iustus
1712 1408 1753 1438 20

269 1456 544 1494 constituitur.

202 1515 253 1552 89
383 1511 503 1558 Quod
535 1515 674 1551 autem
705 1510 871 1563 placuit,
903 1512 938 1550 si
969 1510 1116 1550 ancilla
1148 1523 1201 1550 ex
1231 1512 1322 1550 ciue
1345 1512 1524 1550 Romano
1555 1522 1702 1550 conce-

268 1570 391 1621 perit,
438 1568 590 1608 deinde
629 1570 880 1608 manumissa
918 1570 1149 1620 pepererit,
1190 1569 1262 1620 qui
1298 1569 1483 1607 nascitur
1519 1566 1700 1607 liberum

267 1627 394 1678 nasci,
425 1624 606 1665 naturali
638 1627 794 1664 ratione
826 1625 889 1674 fit3
920 1637 1016 1665 nam
1047 1626 1088 1664 hi
1120 1626 1190 1677 qui
1222 1624 1435 1677 illegitime
1463 1625 1701 1676 concipiun-

267 1688 353 1735 tur,
396 1688 547 1722 statum
579 1688 749 1721 sumunt
779 1695 832 1722 ex
863 1695 910 1722 eo
941 1687 1127 1733 tempore
1159 1695 1242 1734 quo
1273 1686 1519 1732 nascuntur;
1558 1682 1699 1733 itaque
1712 1693 1754 1724 25

267 1741 303 1779 si
339 1752 391 1779 ex
428 1739 563 1779 libera
603 1744 851 1791 nascuntur,
894 1739 1015 1779 liberi
1057 1739 1160 1778 fiunt
1196 1751 1274 1778 nec
1303 1739 1492 1790 interest,
1533 1750 1585 1777 ex
1616 1750 1699 1790 quo

269 1802 400 1836 mater
431 1809 500 1837 eos
533 1798 778 1849 conceperit,
811 1809 905 1835 cum
936 1795 1082 1836 ancilla
1102 1796 1244 1845 fuerit3
1277 1800 1318 1834 at
1337 1795 1391 1847 hi,
1424 1796 1496 1848 qui
1517 1795 1699 1848 legitime

202 1857 252 1894 90
269 1855 569 1907 concipiuntur,
602 1867 653 1894 ex
686 1854 963 1905 conceptionis
995 1859 1181 1905 tempore
1213 1857 1364 1892 statum
1396 1857 1576 1892 sumunt.
1624 1853 1699 1890 ita-

269 1924 351 1964 que
394 1912 428 1951 si
465 1913 534 1951 cui
569 1911 732 1950 mulieri
775 1911 854 1950 ciui
892 1912 1096 1950 Romanae
1138 1910 1352 1962 praegnati
1394 1921 1504 1962 aqua
1539 1913 1581 1948 et
1614 1909 1698 1961 igni

268 1969 532 2008 interdictum
564 1969 700 2019 fuerit,
734 1980 868 2021 eoque
899 1968 1022 2007 modo
1053 1968 1272 2019 peregrina
1304 1966 1413 2005 facta
1433 1971 1532 2006 tunc
1551 1966 1697 2018 pariat,
1712 1978 1751 2008 30

268 2026 490 2078 conplures
524 2025 783 2077 distinguunt
813 2029 853 2064 et
882 2030 1041 2076 putant,
1074 2024 1281 2076 siquidem
1313 2036 1365 2063 ex
1395 2023 1513 2063 iustis
1542 2023 1697 2074 nuptiis

357 2197 378 2237 §
404 2199 443 2228 87
471 2196 642 2237 superius]
670 2196 690 2235 ξ
717 2197 757 2226 67
785 2204 880 2236 seqq.

281 2285 337 2295 «M

361 2360 373 2387 4
404 2364 485 2388 eum
523 2355 724 2396 pertineant
762 2354 948 2395 Goeschen,
986 2355 1224 2395 empertineat
1264 2353 1288 2385 C
1319 2352 1333 2394 ΙΙ
1367 2353 1472 2394 quius
1500 2350 1526 2384 C
1552 2350 1565 2393 ΙΙ
1594 2351 1698 2382 acilia

273 2402 297 2435 C
324 2400 337 2444 ΙΙ
367 2404 386 2433 2
418 2401 610 2441 inlegantia
640 2400 664 2432 C
685 2399 699 2442 ΙΙ
723 2401 741 2431 7
768 2400 931 2431 nascitur
959 2399 1144 2441 Goeschen,
1178 2400 1370 2431 nascantur
1397 2397 1423 2430 C
1452 2396 1552 2439 (conf.
1580 2405 1613 2428 u.
1641 2397 1670 2435 6)
1687 2394 1701 2438 ΙΙ

270 2452 287 2479 8
320 2447 535 2479 condicione
572 2446 597 2480 C
630 2443 644 2489 ΙΙ
680 2449 697 2476 9
729 2445 944 2477 condicione
977 2444 1002 2476 C
1035 2441 1048 2486 ΙΙ
1086 2447 1124 2476 45
1162 2444 1346 2484 redigatur
1380 2442 1567 2483 Goeschen,
1605 2441 1699 2474 redi-

269 2495 396 2530 gantur
423 2491 448 2525 C
473 2491 488 2535 11
517 2494 559 2524 46
585 2492 649 2524 sed
679 2490 734 2533 Cn,
759 2491 821 2523 scd
849 2492 883 2522 et
909 2491 1095 2522 Mommsen
1125 2488 1138 2531 Η
1170 2493 1207 2520 47
1235 2489 1404 2531 (fin.)eius
1432 2487 1457 2520 C
1487 2487 1501 2527 ΙΙ
1535 2489 1575 2518 48
1607 2487 1699 2518 ciuis

270 2540 448 2570 Romanus
469 2539 650 2579 Goeschen‚
676 2537 775 2568 ciues
794 2533 900 2568 rum?
921 2535 974 2577 Cn,
1001 2535 1087 2575 conf.
1112 2536 1170 2567 ΟΜ
1188 2538 1219 2567 et
1240 2535 1281 2567 Ca
1301 2543 1382 2575 pay.
1401 2536 1465 2568 261
1485 2536 1516 2565 et
1530 2541 1610 2573 pay.
1631 2533 1698 2566 299

268 2585 352 2615 med.
386 2585 399 2624 ΙΙ
434 2586 473 2615 49
502 2585 712 2624 potestatem
742 2581 864 2623 01123
891 2581 1072 2622 pepererit
1099 2580 1284 2622 Goeschen,
1315 2579 1453 2622 peperit
1481 2577 1605 2618 01124
1633 2586 1699 2609 na-

269 2629 374 2661 turali
420 2629 605 2671 Goeschen,
655 2627 761 2660 turali
803 2626 828 2660 G
858 2626 873 2667 ΙΙ
911 2629 953 2657 28
996 2628 1145 2658 sumunt
1182 2626 1368 2666 Goeschen,
1404 2626 1598 2656 sumuntur
1636 2621 1662 2655 C
1686 2620 1700 2664 ΙΙ

269 2677 311 2706 29
338 2676 395 2707 cui
430 2674 616 2716 Goeschen,
652 2681 718 2705 cua
752 2672 777 2705 G
812 2672 827 2713 Η
866 2674 906 2703 30
934 2680 1001 2711 pro
1031 2671 1123 2703 factu
1152 2673 1264 2710 possis
1299 2678 1375 2702 cum
1410 2669 1600 2702 Goescheno
1638 2667 1699 2699 flat

268 2722 304 2751 et
326 2721 485 2762 scribere,
511 2721 600 2760 cons,
624 2724 742 2751 tamon
770 2717 822 2751 0⁵.
