1918 3110
704 173 818 181 —.
882 153 959 193 135
1018 177 1130 183 —
1365 160 1634 200 1115445—443

204 274 386 313 uenditio
419 280 460 314 et
489 274 634 314 locatio
667 280 707 314 et
737 275 954 316 conductio
986 277 1301 319 familiaritatem
1329 282 1507 335 aliquam
1530 288 1636 326 inter

202 343 247 370 se
279 331 434 371 habere
468 332 675 382 uidentur,
709 337 755 371 ut
785 334 825 371 in
857 333 1111 385 quibusdam
1143 339 1278 375 causis
1317 342 1460 389 quaeri
1491 342 1634 395 soleat,

203 394 344 427 utrum
383 390 533 440 emptio
575 394 614 427 et
650 388 835 428 uenditio
875 390 1140 430 contrahatur
1179 404 1230 432 an
1266 393 1409 433 locatio
1459 403 1498 436 et
1540 411 1635 438 con-

203 444 353 484 ductio.
417 445 549 485 ueluti
588 446 621 484 si
661 458 742 497 qua
780 457 848 484 res
886 447 927 485 in
965 453 1216 498 perpetuum
1253 449 1384 489 locata
1416 454 1482 503 sit,
1523 456 1636 506 quod

201 503 339 541 euenit
368 503 409 541 in
445 502 627 554 praediis
667 503 944 554 municipum,
989 516 1095 555 quae
1133 517 1181 544 ea
1216 505 1309 558 lege
1347 507 1551 562 locantur,
1592 518 1666 551 ut5

203 559 405 611 quamdiu
452 558 521 611 [id]
567 559 746 611 uectigal
786 565 1041 611 praestetur,
1088 574 1226 614 neque
1269 565 1348 615 ipsi
1396 566 1636 607 conductori

202 628 341 668 neque
372 616 518 655 heredi
550 617 638 655 eius
671 616 889 667 praedium
928 618 1148 657 auferatur.
1209 620 1285 659 sed
1321 623 1450 674 magis
1482 623 1637 674 placuit

107 673 186 711 ⁴46
202 672 448 712 locationem
482 672 885 724 conductionemque
918 686 1022 713 esse.
1077 675 1176 714 Item
1214 676 1458 729 [quaeritur]
1494 682 1528 718 si
1550 681 1636 732 gla-

203 729 382 769 diatores
415 742 461 769 ea
494 730 587 782 lege
619 730 693 768 tibi
724 729 986 781 tradiderim,
1019 736 1064 769 ut
1094 733 1134 770 in
1166 734 1352 785 singulos
1386 737 1456 787 qui
1488 737 1636 789 integri

202 788 376 826 exierInt
406 799 481 838 pro
515 786 668 826 sudore
702 786 859 825 denarii
890 800 939 825 xx
970 788 1067 826 mihi
1099 788 1315 841 darentur,
1358 792 1398 830 iu
1431 805 1500 832 eos
1533 803 1688 833 ueroto

201 843 387 896 singulos
443 845 515 896 qui
566 844 688 882 occisi
733 849 804 882 aut
849 843 1050 883 debilitati
1104 846 1257 886 fuerint
1302 848 1466 888 denarii
1508 850 1632 902 mille,

200 902 428 953 quaeritur,
462 906 601 940 utrum
633 901 785 951 emptio
818 906 858 939 et
888 901 1072 940 uenditio
1104 915 1155 942 an
1186 903 1331 943 locatio
1355 911 1394 944 et
1415 906 1633 946 conductio

198 959 478 997 contrahatur.
546 963 586 996 et
623 958 753 1009 magis
793 957 949 1008 placuit
987 970 1129 998 eorum
1167 962 1237 1012 qui
1274 963 1422 1014 integri
1459 965 1634 1003 exierint

200 1015 445 1053 locationem
485 1019 526 1054 et
563 1014 881 1054 conductionem
919 1021 1168 1055 contractam
1211 1018 1362 1069 uideri,
1404 1025 1443 1057 at
1487 1033 1631 1060 eorum

199 1073 273 1124 qui
318 1073 439 1110 occisi
483 1076 554 1110 aut
600 1071 804 1110 debilitati
850 1076 946 1111 sunt
983 1075 1231 1124 emptionem
1272 1080 1312 1114 et
1352 1076 1687 1117 uenditionem15

200 1139 315 1177 esse3
348 1129 477 1180 idque
510 1141 562 1167 ex
593 1128 879 1168 accidentibus
911 1135 1099 1180 apparet,
1140 1136 1351 1183 tamquam
1382 1133 1460 1172 sub
1493 1134 1633 1173 condi-

199 1184 317 1225 cione
347 1183 359 1239 ΙΙ
388 1186 496 1224 facta
531 1186 736 1237 cuiusque
780 1185 1013 1225 uenditione
1053 1199 1103 1226 an
1143 1187 1351 1228 locatione.
1412 1191 1492 1229 iam
1523 1194 1631 1230 enim
1647 1202 1800 1239 pag.467

199 1255 280 1282 non
321 1242 554 1293 dubitatur,
597 1244 698 1294 quin
737 1242 816 1282 sub
857 1243 1095 1282 condicione
1132 1257 1198 1284 res
1239 1248 1369 1284 ueniri
1406 1252 1476 1286 aut
1505 1247 1632 1287 locari

104 1299 184 1338 447
200 1301 372 1352 possint.
432 1300 533 1338 Item
575 1301 806 1351 quaeritur,
847 1301 880 1339 si
920 1313 1014 1339 cum
1051 1302 1217 1341 aurifice
1249 1303 1347 1342 mihi
1378 1307 1629 1354 conuenerit,

203 1363 245 1396 ut
275 1358 309 1396 is
341 1369 394 1395 ex
425 1369 525 1396 auro
558 1369 633 1395 suo
674 1358 772 1396 certi
814 1357 1012 1408 ponderis
1051 1364 1269 1411 certaeque
1300 1360 1454 1399 formae
1486 1361 1629 1400 anulos
1645 1376 1685 1405 ρο

199 1414 299 1453 mihi
329 1414 501 1464 faceret,
540 1419 580 1453 et
611 1415 817 1465 acciperet
845 1414 968 1453 uerbi
999 1417 1127 1467 gratia
1160 1415 1349 1455 denarios
1383 1429 1447 1467 cc,
1490 1424 1630 1457 utrum

199 1472 351 1522 emptio
399 1477 439 1510 et
484 1469 670 1510 uenditio
716 1482 768 1510 an
814 1470 961 1510 locatio
1008 1478 1048 1510 et
1095 1473 1310 1512 conductio
1353 1475 1627 1514 contrahatur.

198 1529 364 1568 Cassius
408 1529 463 1566 ait
506 1529 702 1567 materiae
757 1528 921 1580 quidem
968 1530 1214 1580 emptionem
1269 1530 1630 1583 uenditionemque

198 1586 394 1637 contrahi,
429 1597 651 1636 operarum
683 1591 821 1624 autem
851 1585 1093 1625 locationem
1126 1593 1166 1625 et
1196 1587 1521 1627 conductionem.
1556 1589 1630 1627 sed

196 1642 414 1694 plerisque
454 1642 611 1693 placuit
650 1643 900 1694 emptionem
933 1648 973 1681 et
1006 1642 1283 1683 uenditionem
1315 1645 1510 1683 contrahi.
1572 1653 1631 1683 at-
1646 1661 1684 1689 25

197 1701 269 1752 qui
306 1701 339 1738 si
376 1711 516 1738 meum
555 1711 704 1738 aurum
742 1700 778 1737 ei
816 1699 972 1738 dedero
1019 1700 1209 1739 mercede
1250 1713 1323 1752 pro
1371 1714 1496 1753 opera
1537 1715 1631 1741 con-

198 1758 350 1806 stituta,
385 1757 580 1795 conuenit
610 1755 855 1795 locationem
889 1756 1204 1796 conductionem
1236 1759 1429 1797 contrahi.

103 1813 181 1851 448
311 1814 558 1854 Societatem
580 1815 689 1852 coire
712 1813 896 1852 solemus
918 1819 990 1852 aut
1005 1819 1180 1853 totorum
1195 1814 1399 1854 bonorum
1416 1821 1486 1854 aut
1508 1818 1629 1854 unius

286 1978 305 2017 ξ
334 1979 395 2008 445
422 1977 505 2008 inde
532 1976 577 2008 ab
604 1979 622 2008 5
645 1978 801 2016 praediis
830 1986 947 2018 usque
972 1977 1017 2009 ad
1044 1979 1060 2007 7
1088 1978 1269 2017 auferatur·
1293 1977 1383 2010 conf.
1411 1979 1495 2010 Inst.
1520 1981 1549 2019 3,
1576 1981 1629 2020 24,

195 2026 214 2055 3
239 2023 251 2063 ΙΙ
275 2023 294 2063 5
321 2024 381 2054 447
411 2022 484 2054 sere
509 2036 550 2049 =
576 2022 660 2054 Inst.
689 2025 718 2064 3,
745 2024 798 2064 24,
826 2024 843 2053 4
867 2023 881 2064 ΙΙ
903 2023 922 2062 ξ
948 2024 1011 2054 448
1039 2036 1080 2050 ==
1105 2024 1189 2055 Inst.
1216 2026 1245 2065 3,
1272 2026 1312 2055 25
1339 2033 1390 2065 pr.

1558 2107 1625 2117 W

288 2179 305 2206 5
332 2176 454 2208 euenit
482 2174 507 2206 C
528 2174 542 2215 ΙΙ
567 2177 585 2206 6
612 2175 649 2207 id
679 2176 732 2207 hic
757 2176 902 2207 deletum
932 2178 980 2207 est
1005 2177 1088 2207 duce
1117 2175 1188 2214 fere
1214 2175 1342 2207 Puchta
1363 2176 1376 2216 ΙΙ
1402 2178 1418 2206 7
1445 2176 1629 2208 auferatur

198 2221 387 2261 Goeschen,
427 2220 628 2253 autseratur
668 2220 693 2253 G
723 2220 738 2262 11
772 2224 790 2252 8
828 2222 993 2262 queritur
1031 2221 1055 2252 C
1090 2221 1224 2259 (deleuit
1253 2222 1313 2252 hoc
1341 2222 1508 2261 glossema
1542 2222 1627 2254 Goe-

195 2266 306 2306 schen)
329 2266 343 2306 11
367 2269 402 2298 Μ
444 2267 582 2298 denarii
618 2266 805 2307 Goeschen,
837 2266 1005 2298 denarios
1041 2265 1168 2306 01146
1200 2269 1348 2307 apparet
1381 2266 1418 2308 C,
1455 2276 1627 2308 apparere

194 2312 352 2344 Huschke
378 2312 392 2353 ΙΙ
419 2314 459 2343 47
493 2312 744 2344 uenditionem
776 2321 820 2344 an
847 2312 1061 2344 locationem
1091 2311 1116 2343 C
1137 2311 1151 2351 11
1175 2314 1215 2343 48
1243 2312 1354 2343 locari
1385 2321 1428 2343 ex
1454 2312 1627 2344 locumari

193 2361 384 2390 correctum
406 2357 430 2390 C
447 2358 460 2397 ΙΙ
478 2360 513 2388 24
534 2357 667 2389 faceret
685 2358 777 2399 Inst„
796 2356 913 2389 facere
936 2357 960 2390 C
976 2358 990 2397 ΙΙ
1008 2358 1188 2398 acciperet
1204 2356 1228 2388 C
1245 2357 1335 2397 Inst„
1352 2358 1532 2398 acceperit
1551 2358 1626 2398 Οἱς.

196 2407 249 2445 19,
266 2407 298 2445 2,
316 2407 338 2436 2
354 2403 374 2442 ἓ
394 2406 408 2434 Ι
428 2403 516 2434 male
533 2402 548 2444 ΙΙ
565 2405 605 2434 22
626 2403 788 2435 uenditio
808 2403 900 2443 Inst„
919 2403 1066 2434 uendito
1089 2402 1113 2434 C
1128 2402 1141 2441 ΙΙ
1160 2403 1392 2434 contrahatur
1410 2402 1443 2443 C,
1463 2404 1627 2436 contrahi

193 2449 363 2481 uideatur
403 2449 484 2480 1ηεί.
513 2448 597 2489 1123
636 2449 784 2490 quidem
822 2449 923 2488 Inst.,
961 2448 1047 2489 quid
1089 2447 1152 2487 011
1180 2448 1497 2487 uenditionemque
1535 2448 1625 2490 Inst„

192 2494 443 2527 uenditionem
476 2503 584 2535 quam
618 2492 643 2525 C
668 2494 682 2534 11
711 2496 752 2526 24
788 2503 980 2534 operarum
1015 2492 1053 2534 C,
1091 2501 1221 2533 operae
1262 2493 1339 2523 Inst.
1369 2493 1382 2532 ΙΙ
1412 2495 1543 2525 25—26
1576 2496 1627 2525 at-

194 2541 255 2581 qui
287 2541 318 2573 si
352 2539 391 2581 C,
425 2540 556 2580 quodsi
590 2539 671 2572 Inst.
699 2539 713 2579 ΙΙ
743 2542 784 2571 26
813 2538 977 2570 mercede
1002 2539 1102 2576 Inst„
1136 2538 1338 2569 mercedem
1370 2537 1394 2569 C
1422 2538 1434 2576 11
1464 2540 1504 2569 27
1533 2539 1627 2570 loca-

192 2587 327 2617 tionem
365 2586 648 2617 conductionem
686 2585 729 2627 C,
772 2586 816 2616 ad
853 2585 1069 2616 locationem
1112 2586 1146 2614 et
1183 2583 1462 2614 conductionem
1499 2585 1627 2616 ducunt

191 2631 273 2663 Just.
302 2631 316 2671 11
346 2633 386 2663 28
429 2633 587 2662 totorum
625 2631 721 2672 lust„
758 2632 919 2662 tutorum
949 2629 973 2661 C
999 2628 1013 2670 ΙΙ
1038 2631 1114 2667 post
1153 2628 1329 2660 bonorum
1363 2628 1441 2660 [nst.
1479 2630 1624 2662 addunt:

191 2686 300 2718 quam
320 2677 445 2708 Graeci
472 2675 677 2717 specialiter
699 2674 934 2719 κοινοπραξίαν
959 2674 1150 2715 appellant.
