<?xml version="1.0" encoding="UTF-8"?>
<!DOCTYPE html PUBLIC "-//W3C//DTD XHTML 1.0 Transitional//EN"
    "http://www.w3.org/TR/xhtml1/DTD/xhtml1-transitional.dtd">
<html xmlns="http://www.w3.org/1999/xhtml" xml:lang="en" lang="en">
 <head>
  <title>
</title>
<meta http-equiv="Content-Type" content="text/html;charset=utf-8" />
  <meta name='ocr-system' content='tesseract 3.04.00' />
  <meta name='ocr-capabilities' content='ocr_page ocr_carea ocr_par ocr_line ocrx_word'/>
</head>
<body>
  <div class='ocr_page' id='page_1' title='image "./collectiolibroru01krue_0228.png"; bbox 0 0 1892 3095; ppageno 0'>
   <div class='ocr_carea' id='block_1_1' title="bbox 270 149 1191 188">
    <p class='ocr_par' dir='ltr' id='par_1_1' title="bbox 270 149 1191 188">
     <span class='ocr_line' id='line_1_1' title="bbox 270 149 1191 188; baseline -0.004 -9"><span class='ocrx_word' id='word_1_1' title='bbox 270 149 553 188; x_wconf 63' lang='lat'>1115220—222</span> <span class='ocrx_word' id='word_1_2' title='bbox 767 172 875 177; x_wconf 85' lang='lat'>-—-</span> <span class='ocrx_word' id='word_1_3' title='bbox 939 149 1018 187; x_wconf 77' lang='lat'>154</span> <span class='ocrx_word' id='word_1_4' title='bbox 1077 169 1191 175; x_wconf 77' lang='lat'>—-</span> 
     </span>
    </p>
   </div>
   <div class='ocr_carea' id='block_1_2' title="bbox 169 273 1892 1543">
    <p class='ocr_par' dir='ltr' id='par_1_2' title="bbox 169 273 1728 612">
     <span class='ocr_line' id='line_1_2' title="bbox 169 273 1694 325; baseline -0.005 -6"><span class='ocrx_word' id='word_1_5' title='bbox 169 281 245 319; x_wconf 76' lang='lat'>2⁶20</span> <span class='ocrx_word' id='word_1_6' title='bbox 382 275 532 313; x_wconf 80' lang='lat' dir='ltr'>IniurIa</span> <span class='ocrx_word' id='word_1_7' title='bbox 565 279 702 314; x_wconf 77' lang='lat' dir='ltr'>autem</span> <span class='ocrx_word' id='word_1_8' title='bbox 734 275 999 313; x_wconf 72' lang='lat' dir='ltr'>committitur</span> <span class='ocrx_word' id='word_1_9' title='bbox 1030 286 1111 312; x_wconf 92' lang='lat' dir='ltr'>non</span> <span class='ocrx_word' id='word_1_10' title='bbox 1143 273 1277 312; x_wconf 86' lang='lat' dir='ltr'>solum</span> <span class='ocrx_word' id='word_1_11' title='bbox 1310 285 1403 312; x_wconf 91' lang='lat' dir='ltr'>cum</span> <span class='ocrx_word' id='word_1_12' title='bbox 1436 273 1528 325; x_wconf 91' lang='lat' dir='ltr'>quis</span> <span class='ocrx_word' id='word_1_13' title='bbox 1555 284 1694 325; x_wconf 81' lang='lat' dir='ltr'>pugno</span> 
     </span>
     <span class='ocr_line' id='line_1_3' title="bbox 267 329 1695 383; baseline -0.001 -13"><span class='ocrx_word' id='word_1_14' title='bbox 267 337 366 383; x_wconf 88' lang='lat' dir='ltr'>puta</span> <span class='ocrx_word' id='word_1_15' title='bbox 406 337 477 370; x_wconf 84' lang='lat' dir='ltr'>aut</span> <span class='ocrx_word' id='word_1_16' title='bbox 516 331 623 371; x_wconf 86' lang='lat' dir='ltr'>fuste</span> <span class='ocrx_word' id='word_1_17' title='bbox 662 344 889 383; x_wconf 84' lang='lat' dir='ltr'>percussus</span> <span class='ocrx_word' id='word_1_18' title='bbox 928 331 999 369; x_wconf 81' lang='lat' dir='ltr'>uel</span> <span class='ocrx_word' id='word_1_19' title='bbox 1037 332 1158 370; x_wconf 84' lang='lat' dir='ltr'>etiam</span> <span class='ocrx_word' id='word_1_20' title='bbox 1202 329 1448 369; x_wconf 81' lang='lat' dir='ltr'>uerberatus</span> <span class='ocrx_word' id='word_1_21' title='bbox 1481 331 1575 381; x_wconf 85' lang='lat' dir='ltr'>erit,</span> <span class='ocrx_word' id='word_1_22' title='bbox 1619 329 1695 369; x_wconf 84' lang='lat' dir='ltr'>sed</span> 
     </span>
     <span class='ocr_line' id='line_1_4' title="bbox 268 386 1698 439; baseline -0.002 -11"><span class='ocrx_word' id='word_1_23' title='bbox 268 390 392 428; x_wconf 78' lang='lat' dir='ltr'>etiam</span> <span class='ocrx_word' id='word_1_24' title='bbox 429 390 461 428; x_wconf 90' lang='lat' dir='ltr'>si</span> <span class='ocrx_word' id='word_1_25' title='bbox 501 390 567 428; x_wconf 91' lang='lat' dir='ltr'>cui</span> <span class='ocrx_word' id='word_1_26' title='bbox 599 389 830 427; x_wconf 87' lang='lat' dir='ltr'>conuicium</span> <span class='ocrx_word' id='word_1_27' title='bbox 863 389 1015 427; x_wconf 82' lang='lat' dir='ltr'>sactum</span> <span class='ocrx_word' id='word_1_28' title='bbox 1047 388 1190 437; x_wconf 76' lang='lat' dir='ltr'>suerit,</span> <span class='ocrx_word' id='word_1_29' title='bbox 1230 389 1319 426; x_wconf 85' lang='lat' dir='ltr'>siue</span> <span class='ocrx_word' id='word_1_30' title='bbox 1359 388 1452 439; x_wconf 88' lang='lat' dir='ltr'>quis</span> <span class='ocrx_word' id='word_1_31' title='bbox 1483 386 1592 425; x_wconf 88' lang='lat' dir='ltr'>bona</span> <span class='ocrx_word' id='word_1_32' title='bbox 1623 386 1698 425; x_wconf 85' lang='lat' dir='ltr'>ali-</span> 
     </span>
     <span class='ocr_line' id='line_1_5' title="bbox 268 443 1697 498; baseline -0.002 -13"><span class='ocrx_word' id='word_1_33' title='bbox 268 448 386 486; x_wconf 89' lang='lat' dir='ltr'>cuius</span> <span class='ocrx_word' id='word_1_34' title='bbox 418 448 536 498; x_wconf 82' lang='lat' dir='ltr'>quasi</span> <span class='ocrx_word' id='word_1_35' title='bbox 569 446 768 485; x_wconf 85' lang='lat' dir='ltr'>debitoris</span> <span class='ocrx_word' id='word_1_36' title='bbox 800 447 934 485; x_wconf 82' lang='lat' dir='ltr'>sciens</span> <span class='ocrx_word' id='word_1_37' title='bbox 967 458 1062 484; x_wconf 84' lang='lat' dir='ltr'>eum</span> <span class='ocrx_word' id='word_1_38' title='bbox 1083 444 1185 483; x_wconf 86' lang='lat' dir='ltr'>nihil</span> <span class='ocrx_word' id='word_1_39' title='bbox 1207 444 1285 483; x_wconf 90' lang='lat' dir='ltr'>sibi</span> <span class='ocrx_word' id='word_1_40' title='bbox 1308 443 1461 483; x_wconf 81' lang='lat' dir='ltr'>debere</span> <span class='ocrx_word' id='word_1_41' title='bbox 1487 445 1697 495; x_wconf 89' lang='lat' dir='ltr'>proscrip-</span> 
     </span>
     <span class='ocr_line' id='line_1_6' title="bbox 268 501 1728 555; baseline -0.003 -13"><span class='ocrx_word' id='word_1_42' title='bbox 268 505 377 554; x_wconf 85' lang='lat' dir='ltr'>serit,</span> <span class='ocrx_word' id='word_1_43' title='bbox 417 505 506 543; x_wconf 84' lang='lat' dir='ltr'>siue</span> <span class='ocrx_word' id='word_1_44' title='bbox 545 504 637 555; x_wconf 82' lang='lat' dir='ltr'>quis</span> <span class='ocrx_word' id='word_1_45' title='bbox 669 502 721 541; x_wconf 80' lang='lat' dir='ltr'>ad</span> <span class='ocrx_word' id='word_1_46' title='bbox 752 503 961 541; x_wconf 82' lang='lat' dir='ltr'>infamiam</span> <span class='ocrx_word' id='word_1_47' title='bbox 994 502 1169 541; x_wconf 82' lang='lat' dir='ltr'>alicuius</span> <span class='ocrx_word' id='word_1_48' title='bbox 1200 501 1391 540; x_wconf 83' lang='lat' dir='ltr'>libellum</span> <span class='ocrx_word' id='word_1_49' title='bbox 1424 506 1496 539; x_wconf 79' lang='lat' dir='ltr'>aut</span> <span class='ocrx_word' id='word_1_50' title='bbox 1530 509 1728 540; x_wconf 85' lang='lat' dir='ltr'>carmcn5</span> 
     </span>
     <span class='ocr_line' id='line_1_7' title="bbox 268 557 1698 612; baseline -0.002 -13"><span class='ocrx_word' id='word_1_51' title='bbox 268 562 497 612; x_wconf 79' lang='lat' dir='ltr'>scripserit,</span> <span class='ocrx_word' id='word_1_52' title='bbox 532 562 621 599; x_wconf 84' lang='lat' dir='ltr'>siue</span> <span class='ocrx_word' id='word_1_53' title='bbox 653 560 747 611; x_wconf 81' lang='lat' dir='ltr'>quis</span> <span class='ocrx_word' id='word_1_54' title='bbox 778 565 951 599; x_wconf 79' lang='lat' dir='ltr'>matrem</span> <span class='ocrx_word' id='word_1_55' title='bbox 982 559 1156 598; x_wconf 68' lang='lat' dir='ltr'>familias</span> <span class='ocrx_word' id='word_1_56' title='bbox 1188 564 1259 597; x_wconf 86' lang='lat' dir='ltr'>aut</span> <span class='ocrx_word' id='word_1_57' title='bbox 1288 562 1593 609; x_wconf 79' lang='lat' dir='ltr'>praetextatum</span> <span class='ocrx_word' id='word_1_58' title='bbox 1623 557 1698 596; x_wconf 88' lang='lat' dir='ltr'>ad-</span> 
     </span>
    </p>

    <p class='ocr_par' dir='ltr' id='par_1_3' title="bbox 172 615 1876 953">
     <span class='ocr_line' id='line_1_8' title="bbox 172 615 1698 668; baseline -0.003 -11"><span class='ocrx_word' id='word_1_59' title='bbox 172 624 243 661; x_wconf 67' lang='lat'>‘2⁶2⁴</span> <span class='ocrx_word' id='word_1_60' title='bbox 268 623 447 657; x_wconf 80' lang='lat' dir='ltr'><strong>sectatus</strong></span> <span class='ocrx_word' id='word_1_61' title='bbox 481 618 615 667; x_wconf 83' lang='lat' dir='ltr'>fucrit,</span> <span class='ocrx_word' id='word_1_62' title='bbox 650 622 690 654; x_wconf 83' lang='lat' dir='ltr'>et</span> <span class='ocrx_word' id='word_1_63' title='bbox 720 616 901 668; x_wconf 87' lang='lat' dir='ltr'>denique</span> <span class='ocrx_word' id='word_1_64' title='bbox 934 616 1023 655; x_wconf 84' lang='lat' dir='ltr'>aliis</span> <span class='ocrx_word' id='word_1_65' title='bbox 1044 615 1238 668; x_wconf 90' lang='lat' dir='ltr'>pluribus</span> <span class='ocrx_word' id='word_1_66' title='bbox 1260 615 1407 654; x_wconf 87' lang='lat' dir='ltr'>modis.</span> <span class='ocrx_word' id='word_1_67' title='bbox 1462 616 1546 653; x_wconf 82' lang='lat' dir='ltr'>Pati</span> <span class='ocrx_word' id='word_1_68' title='bbox 1568 619 1698 653; x_wconf 84' lang='lat' dir='ltr'>autem</span> 
     </span>
     <span class='ocr_line' id='line_1_9' title="bbox 268 672 1698 725; baseline -0.003 -11"><span class='ocrx_word' id='word_1_69' title='bbox 268 676 456 714; x_wconf 80' lang='lat' dir='ltr'>iniuriam</span> <span class='ocrx_word' id='word_1_70' title='bbox 489 674 684 713; x_wconf 84' lang='lat' dir='ltr'>uidemur</span> <span class='ocrx_word' id='word_1_71' title='bbox 720 686 800 712; x_wconf 90' lang='lat' dir='ltr'>non</span> <span class='ocrx_word' id='word_1_72' title='bbox 832 674 967 713; x_wconf 84' lang='lat' dir='ltr'>solum</span> <span class='ocrx_word' id='word_1_73' title='bbox 999 686 1075 725; x_wconf 85' lang='lat' dir='ltr'>per</span> <span class='ocrx_word' id='word_1_74' title='bbox 1104 678 1266 712; x_wconf 79' lang='lat' dir='ltr'>nosmet</span> <span class='ocrx_word' id='word_1_75' title='bbox 1297 674 1426 724; x_wconf 90' lang='lat' dir='ltr'>ipsos,</span> <span class='ocrx_word' id='word_1_76' title='bbox 1467 672 1541 711; x_wconf 89' lang='lat' dir='ltr'>sed</span> <span class='ocrx_word' id='word_1_77' title='bbox 1574 672 1698 710; x_wconf 83' lang='lat' dir='ltr'>etiam</span> 
     </span>
     <span class='ocr_line' id='line_1_10' title="bbox 266 727 1876 783; baseline -0.002 -12"><span class='ocrx_word' id='word_1_78' title='bbox 266 745 342 783; x_wconf 85' lang='lat' dir='ltr'>per</span> <span class='ocrx_word' id='word_1_79' title='bbox 373 732 527 770; x_wconf 85' lang='lat' dir='ltr'>liberos</span> <span class='ocrx_word' id='word_1_80' title='bbox 558 736 720 770; x_wconf 87' lang='lat' dir='ltr'>nostros</span> <span class='ocrx_word' id='word_1_81' title='bbox 753 743 858 783; x_wconf 88' lang='lat' dir='ltr'>quos</span> <span class='ocrx_word' id='word_1_82' title='bbox 890 732 929 769; x_wconf 93' lang='lat' dir='ltr'>in</span> <span class='ocrx_word' id='word_1_83' title='bbox 960 735 1162 782; x_wconf 78' lang='lat' dir='ltr'>potestate</span> <span class='ocrx_word' id='word_1_84' title='bbox 1193 730 1419 778; x_wconf 82' lang='lat' dir='ltr'>habemus3</span> <span class='ocrx_word' id='word_1_85' title='bbox 1452 727 1468 781; x_wconf 84' lang='grc' dir='ltr'>ΙΙ</span> <span class='ocrx_word' id='word_1_86' title='bbox 1495 729 1592 768; x_wconf 84' lang='lat' dir='ltr'>item</span> <span class='ocrx_word' id='word_1_87' title='bbox 1621 739 1789 780; x_wconf 84' lang='lat' dir='ltr'>perpag.</span> <span class='ocrx_word' id='word_1_88' title='bbox 1808 736 1876 767; x_wconf 71' lang='lat'>486&#39;</span> 
     </span>
     <span class='ocr_line' id='line_1_11' title="bbox 266 785 1752 840; baseline -0.003 -13"><span class='ocrx_word' id='word_1_89' title='bbox 266 801 420 828; x_wconf 79' lang='lat' dir='ltr'>uxores</span> <span class='ocrx_word' id='word_1_90' title='bbox 452 793 628 839; x_wconf 79' lang='lat' dir='ltr'>nostras,</span> <span class='ocrx_word' id='word_1_91' title='bbox 662 788 848 840; x_wconf 77' lang='lat' dir='ltr'>quamuis</span> <span class='ocrx_word' id='word_1_92' title='bbox 879 789 919 826; x_wconf 93' lang='lat' dir='ltr'>in</span> <span class='ocrx_word' id='word_1_93' title='bbox 951 800 1077 826; x_wconf 85' lang='lat' dir='ltr'>manu</span> <span class='ocrx_word' id='word_1_94' title='bbox 1106 793 1247 826; x_wconf 80' lang='lat' dir='ltr'>nostra</span> <span class='ocrx_word' id='word_1_95' title='bbox 1267 785 1391 838; x_wconf 78' lang='lat' dir='ltr'>(non)</span> <span class='ocrx_word' id='word_1_96' title='bbox 1413 787 1504 825; x_wconf 90' lang='lat' dir='ltr'>sint.</span> <span class='ocrx_word' id='word_1_97' title='bbox 1557 787 1752 837; x_wconf 76' lang='lat' dir='ltr'>itaquelo</span> 
     </span>
     <span class='ocr_line' id='line_1_12' title="bbox 267 843 1698 897; baseline -0.003 -12"><span class='ocrx_word' id='word_1_98' title='bbox 267 848 299 885; x_wconf 88' lang='lat' dir='ltr'>si</span> <span class='ocrx_word' id='word_1_99' title='bbox 329 846 448 896; x_wconf 75' lang='lat' dir='ltr'>filiae</span> <span class='ocrx_word' id='word_1_100' title='bbox 488 858 604 884; x_wconf 75' lang='lat' dir='ltr'>meae</span> <span class='ocrx_word' id='word_1_101' title='bbox 643 857 750 897; x_wconf 85' lang='lat' dir='ltr'>quae</span> <span class='ocrx_word' id='word_1_102' title='bbox 782 846 882 884; x_wconf 89' lang='lat' dir='ltr'>Titio</span> <span class='ocrx_word' id='word_1_103' title='bbox 922 850 1051 896; x_wconf 86' lang='lat' dir='ltr'>nupta</span> <span class='ocrx_word' id='word_1_104' title='bbox 1091 849 1153 883; x_wconf 83' lang='lat' dir='ltr'>est</span> <span class='ocrx_word' id='word_1_105' title='bbox 1189 844 1380 883; x_wconf 83' lang='lat' dir='ltr'>iniuriam</span> <span class='ocrx_word' id='word_1_106' title='bbox 1412 843 1577 894; x_wconf 82' lang='lat' dir='ltr'>feceris,</span> <span class='ocrx_word' id='word_1_107' title='bbox 1616 855 1698 882; x_wconf 89' lang='lat' dir='ltr'>non</span> 
     </span>
     <span class='ocr_line' id='line_1_13' title="bbox 267 901 1698 953; baseline -0.002 -12"><span class='ocrx_word' id='word_1_108' title='bbox 267 902 400 942; x_wconf 87' lang='lat' dir='ltr'>solum</span> <span class='ocrx_word' id='word_1_109' title='bbox 442 901 548 941; x_wconf 79' lang='lat' dir='ltr'>filiae</span> <span class='ocrx_word' id='word_1_110' title='bbox 586 903 751 941; x_wconf 83' lang='lat' dir='ltr'>nomine</span> <span class='ocrx_word' id='word_1_111' title='bbox 790 908 928 941; x_wconf 87' lang='lat' dir='ltr'>tecum</span> <span class='ocrx_word' id='word_1_112' title='bbox 967 903 1030 953; x_wconf 82' lang='lat' dir='ltr'>agi</span> <span class='ocrx_word' id='word_1_113' title='bbox 1070 902 1312 940; x_wconf 83' lang='lat' dir='ltr'>iniuriarum</span> <span class='ocrx_word' id='word_1_114' title='bbox 1349 905 1506 952; x_wconf 85' lang='lat' dir='ltr'>potest,</span> <span class='ocrx_word' id='word_1_115' title='bbox 1548 912 1698 939; x_wconf 85' lang='lat' dir='ltr'>uerum</span> 
     </span>
    </p>

    <p class='ocr_par' dir='ltr' id='par_1_4' title="bbox 171 957 1892 1543">
     <span class='ocr_line' id='line_1_14' title="bbox 171 957 1698 1012; baseline -0.002 -13"><span class='ocrx_word' id='word_1_116' title='bbox 171 966 250 1005; x_wconf 69' lang='lat'>222</span> <span class='ocrx_word' id='word_1_117' title='bbox 268 962 389 999; x_wconf 80' lang='lat' dir='ltr'>etiam</span> <span class='ocrx_word' id='word_1_118' title='bbox 436 972 527 998; x_wconf 86' lang='lat' dir='ltr'>meo</span> <span class='ocrx_word' id='word_1_119' title='bbox 575 972 743 1012; x_wconf 84' lang='lat' dir='ltr'>quoque</span> <span class='ocrx_word' id='word_1_120' title='bbox 790 964 830 998; x_wconf 88' lang='lat' dir='ltr'>et</span> <span class='ocrx_word' id='word_1_121' title='bbox 875 960 964 998; x_wconf 84' lang='lat' dir='ltr'>Titii</span> <span class='ocrx_word' id='word_1_122' title='bbox 1010 960 1183 997; x_wconf 81' lang='lat' dir='ltr'>nomine.</span> <span class='ocrx_word' id='word_1_123' title='bbox 1259 959 1389 998; x_wconf 89' lang='lat' dir='ltr'>Seruo</span> <span class='ocrx_word' id='word_1_124' title='bbox 1435 963 1574 997; x_wconf 83' lang='lat' dir='ltr'>autem</span> <span class='ocrx_word' id='word_1_125' title='bbox 1619 957 1698 1009; x_wconf 88' lang='lat' dir='ltr'>ipsi</span> 
     </span>
     <span class='ocr_line' id='line_1_15' title="bbox 267 1015 1698 1069; baseline -0.002 -13"><span class='ocrx_word' id='word_1_126' title='bbox 267 1017 431 1069; x_wconf 75' lang='lat' dir='ltr'>quidem</span> <span class='ocrx_word' id='word_1_127' title='bbox 463 1016 576 1056; x_wconf 80' lang='lat' dir='ltr'>nulla</span> <span class='ocrx_word' id='word_1_128' title='bbox 608 1017 757 1056; x_wconf 84' lang='lat' dir='ltr'>iniuria</span> <span class='ocrx_word' id='word_1_129' title='bbox 788 1016 1043 1067; x_wconf 77' lang='lat' dir='ltr'>intellegitur</span> <span class='ocrx_word' id='word_1_130' title='bbox 1075 1016 1176 1067; x_wconf 87' lang='lat' dir='ltr'>fieri,</span> <span class='ocrx_word' id='word_1_131' title='bbox 1209 1015 1285 1055; x_wconf 88' lang='lat' dir='ltr'>sed</span> <span class='ocrx_word' id='word_1_132' title='bbox 1317 1015 1481 1054; x_wconf 90' lang='lat' dir='ltr'>domino</span> <span class='ocrx_word' id='word_1_133' title='bbox 1505 1026 1582 1066; x_wconf 89' lang='lat' dir='ltr'>per</span> <span class='ocrx_word' id='word_1_134' title='bbox 1602 1027 1698 1054; x_wconf 90' lang='lat' dir='ltr'>eum</span> 
     </span>
     <span class='ocr_line' id='line_1_16' title="bbox 268 1071 1753 1124; baseline -0.003 -11"><span class='ocrx_word' id='word_1_135' title='bbox 268 1076 356 1114; x_wconf 78' lang='lat' dir='ltr'>[ieri</span> <span class='ocrx_word' id='word_1_136' title='bbox 395 1074 582 1123; x_wconf 80' lang='lat' dir='ltr'>uidetur3</span> <span class='ocrx_word' id='word_1_137' title='bbox 628 1086 711 1112; x_wconf 88' lang='lat' dir='ltr'>non</span> <span class='ocrx_word' id='word_1_138' title='bbox 748 1079 885 1112; x_wconf 79' lang='lat' dir='ltr'>tamen</span> <span class='ocrx_word' id='word_1_139' title='bbox 917 1073 1049 1112; x_wconf 84' lang='lat' dir='ltr'>isdem</span> <span class='ocrx_word' id='word_1_140' title='bbox 1082 1072 1235 1124; x_wconf 84' lang='lat' dir='ltr'>modis,</span> <span class='ocrx_word' id='word_1_141' title='bbox 1275 1071 1429 1124; x_wconf 88' lang='lat' dir='ltr'>quibus</span> <span class='ocrx_word' id='word_1_142' title='bbox 1469 1073 1591 1111; x_wconf 86' lang='lat' dir='ltr'>etiam</span> <span class='ocrx_word' id='word_1_143' title='bbox 1622 1080 1753 1123; x_wconf 67' lang='lat' dir='ltr'>periri</span> 
     </span>
     <span class='ocr_line' id='line_1_17' title="bbox 267 1128 1698 1181; baseline -0.001 -12"><span class='ocrx_word' id='word_1_144' title='bbox 267 1132 422 1171; x_wconf 89' lang='lat' dir='ltr'>liberos</span> <span class='ocrx_word' id='word_1_145' title='bbox 459 1136 622 1170; x_wconf 87' lang='lat' dir='ltr'>nostros</span> <span class='ocrx_word' id='word_1_146' title='bbox 662 1130 733 1170; x_wconf 86' lang='lat' dir='ltr'>uel</span> <span class='ocrx_word' id='word_1_147' title='bbox 763 1142 915 1169; x_wconf 81' lang='lat' dir='ltr'>uxores</span> <span class='ocrx_word' id='word_1_148' title='bbox 947 1131 1138 1169; x_wconf 81' lang='lat' dir='ltr'>iniuriam</span> <span class='ocrx_word' id='word_1_149' title='bbox 1169 1130 1254 1181; x_wconf 82' lang='lat' dir='ltr'>pati</span> <span class='ocrx_word' id='word_1_150' title='bbox 1284 1129 1498 1179; x_wconf 84' lang='lat' dir='ltr'>uidemur,</span> <span class='ocrx_word' id='word_1_151' title='bbox 1537 1128 1613 1168; x_wconf 86' lang='lat' dir='ltr'>sed</span> <span class='ocrx_word' id='word_1_152' title='bbox 1644 1129 1698 1167; x_wconf 87' lang='lat' dir='ltr'>ita</span> 
     </span>
     <span class='ocr_line' id='line_1_18' title="bbox 266 1186 1699 1240; baseline -0.003 -12"><span class='ocrx_word' id='word_1_153' title='bbox 266 1202 360 1228; x_wconf 86' lang='lat' dir='ltr'>cum</span> <span class='ocrx_word' id='word_1_154' title='bbox 393 1189 494 1240; x_wconf 88' lang='lat' dir='ltr'>quid</span> <span class='ocrx_word' id='word_1_155' title='bbox 526 1189 705 1227; x_wconf 81' lang='lat' dir='ltr'>atrocius</span> <span class='ocrx_word' id='word_1_156' title='bbox 739 1189 1005 1227; x_wconf 88' lang='lat' dir='ltr'>commissum</span> <span class='ocrx_word' id='word_1_157' title='bbox 1036 1187 1179 1237; x_wconf 83' lang='lat' dir='ltr'>suerit,</span> <span class='ocrx_word' id='word_1_158' title='bbox 1220 1186 1333 1239; x_wconf 92' lang='lat' dir='ltr'>quod</span> <span class='ocrx_word' id='word_1_159' title='bbox 1365 1191 1503 1237; x_wconf 82' lang='lat' dir='ltr'>aperte</span> <span class='ocrx_word' id='word_1_160' title='bbox 1532 1187 1574 1225; x_wconf 91' lang='lat' dir='ltr'>in</span> <span class='ocrx_word' id='word_1_161' title='bbox 1605 1197 1699 1224; x_wconf 85' lang='lat' dir='ltr'>con-</span> 
     </span>
     <span class='ocr_line' id='line_1_19' title="bbox 266 1243 1699 1296; baseline -0.002 -12"><span class='ocrx_word' id='word_1_162' title='bbox 266 1246 477 1285; x_wconf 80' lang='lat' dir='ltr'>tumeliam</span> <span class='ocrx_word' id='word_1_163' title='bbox 510 1246 664 1284; x_wconf 87' lang='lat' dir='ltr'>domini</span> <span class='ocrx_word' id='word_1_164' title='bbox 695 1245 785 1284; x_wconf 87' lang='lat' dir='ltr'>fieri</span> <span class='ocrx_word' id='word_1_165' title='bbox 815 1244 1004 1296; x_wconf 84' lang='lat' dir='ltr'>uidetur,</span> <span class='ocrx_word' id='word_1_166' title='bbox 1044 1244 1178 1283; x_wconf 83' lang='lat' dir='ltr'>ueluti</span> <span class='ocrx_word' id='word_1_167' title='bbox 1209 1245 1243 1283; x_wconf 87' lang='lat' dir='ltr'>si</span> <span class='ocrx_word' id='word_1_168' title='bbox 1274 1244 1368 1296; x_wconf 89' lang='lat' dir='ltr'>quis</span> <span class='ocrx_word' id='word_1_169' title='bbox 1399 1243 1579 1282; x_wconf 86' lang='lat' dir='ltr'>alienum</span> <span class='ocrx_word' id='word_1_170' title='bbox 1611 1254 1699 1282; x_wconf 88' lang='lat' dir='ltr'>ser-</span> 
     </span>
     <span class='ocr_line' id='line_1_20' title="bbox 265 1300 1694 1353; baseline -0.002 -11"><span class='ocrx_word' id='word_1_171' title='bbox 265 1317 366 1343; x_wconf 90' lang='lat' dir='ltr'>uum</span> <span class='ocrx_word' id='word_1_172' title='bbox 398 1303 708 1353; x_wconf 82' lang='lat' dir='ltr'>uerberauerit3</span> <span class='ocrx_word' id='word_1_173' title='bbox 756 1308 796 1342; x_wconf 87' lang='lat' dir='ltr'>et</span> <span class='ocrx_word' id='word_1_174' title='bbox 832 1303 872 1341; x_wconf 90' lang='lat' dir='ltr'>in</span> <span class='ocrx_word' id='word_1_175' title='bbox 904 1302 1015 1341; x_wconf 87' lang='lat' dir='ltr'>hunc</span> <span class='ocrx_word' id='word_1_176' title='bbox 1045 1313 1187 1340; x_wconf 83' lang='lat' dir='ltr'>casum</span> <span class='ocrx_word' id='word_1_177' title='bbox 1219 1300 1397 1339; x_wconf 83' lang='lat' dir='ltr'>formula</span> <span class='ocrx_word' id='word_1_178' title='bbox 1438 1301 1694 1352; x_wconf 86' lang='lat' dir='ltr'>proponitur.</span> 
     </span>
     <span class='ocr_line' id='line_1_21' title="bbox 266 1358 1751 1412; baseline -0.003 -13"><span class='ocrx_word' id='word_1_179' title='bbox 266 1367 306 1399; x_wconf 81' lang='lat' dir='ltr'>at</span> <span class='ocrx_word' id='word_1_180' title='bbox 351 1361 384 1400; x_wconf 88' lang='lat' dir='ltr'>si</span> <span class='ocrx_word' id='word_1_181' title='bbox 431 1361 523 1412; x_wconf 80' lang='lat' dir='ltr'>quis</span> <span class='ocrx_word' id='word_1_182' title='bbox 569 1372 692 1399; x_wconf 89' lang='lat' dir='ltr'>seruo</span> <span class='ocrx_word' id='word_1_183' title='bbox 733 1360 965 1398; x_wconf 86' lang='lat' dir='ltr'>conuicium</span> <span class='ocrx_word' id='word_1_184' title='bbox 1007 1359 1151 1398; x_wconf 78' lang='lat' dir='ltr'>fecerit</span> <span class='ocrx_word' id='word_1_185' title='bbox 1188 1358 1259 1397; x_wconf 86' lang='lat' dir='ltr'>uel</span> <span class='ocrx_word' id='word_1_186' title='bbox 1294 1370 1435 1410; x_wconf 77' lang='lat' dir='ltr'>pugno</span> <span class='ocrx_word' id='word_1_187' title='bbox 1477 1370 1572 1396; x_wconf 84' lang='lat' dir='ltr'>eum</span> <span class='ocrx_word' id='word_1_188' title='bbox 1601 1366 1751 1409; x_wconf 82' lang='lat' dir='ltr'>per-20</span> 
     </span>
     <span class='ocr_line' id='line_1_22' title="bbox 266 1415 1697 1469; baseline -0.003 -12"><span class='ocrx_word' id='word_1_189' title='bbox 266 1419 458 1469; x_wconf 75' lang='lat' dir='ltr'>cussorit,</span> <span class='ocrx_word' id='word_1_190' title='bbox 501 1430 582 1456; x_wconf 88' lang='lat' dir='ltr'>non</span> <span class='ocrx_word' id='word_1_191' title='bbox 618 1418 866 1469; x_wconf 81' lang='lat' dir='ltr'>proponitur</span> <span class='ocrx_word' id='word_1_192' title='bbox 908 1416 993 1455; x_wconf 82' lang='lat' dir='ltr'>ulla</span> <span class='ocrx_word' id='word_1_193' title='bbox 1027 1415 1205 1455; x_wconf 85' lang='lat' dir='ltr'>formula</span> <span class='ocrx_word' id='word_1_194' title='bbox 1242 1428 1318 1455; x_wconf 85' lang='lat' dir='ltr'>nec</span> <span class='ocrx_word' id='word_1_195' title='bbox 1349 1420 1505 1454; x_wconf 84' lang='lat' dir='ltr'>temere</span> <span class='ocrx_word' id='word_1_196' title='bbox 1545 1415 1697 1466; x_wconf 86' lang='lat' dir='ltr'>petenti</span> 
     </span>
     <span class='ocr_line' id='line_1_23' title="bbox 266 1458 1892 1543; baseline -0.002 -28"><span class='ocrx_word' id='word_1_197' title='bbox 266 1475 400 1515; x_wconf 81' lang='lat' dir='ltr'>datur.</span> <span class='ocrx_word' id='word_1_198' title='bbox 1881 1458 1892 1543; x_wconf 58' lang='grc'>1</span> 
     </span>
    </p>
   </div>
   <div class='ocr_carea' id='block_1_3' title="bbox 454 1583 1698 1597">
    <p class='ocr_par' dir='ltr' id='par_1_5' title="bbox 454 1583 1698 1597">
     <span class='ocr_line' id='line_1_24' title="bbox 454 1583 1698 1597; baseline -0.002 -2"><span class='ocrx_word' id='word_1_199' title='bbox 454 1586 959 1597; x_wconf 54' lang='grc' dir='ltr'>ΜΛΛΛΛΛΛΜΛΙΜΝΛΜΛἉΛ</span> <span class='ocrx_word' id='word_1_200' title='bbox 963 1586 1053 1595; x_wconf 60' lang='lat' dir='ltr'>tvvxfx.</span> <span class='ocrx_word' id='word_1_201' title='bbox 1057 1586 1075 1593; x_wconf 59' lang='grc' dir='ltr'>κ</span> <span class='ocrx_word' id='word_1_202' title='bbox 1079 1586 1089 1591; x_wconf 45' lang='lat' dir='ltr'>x</span> <span class='ocrx_word' id='word_1_203' title='bbox 1101 1586 1107 1587; x_wconf 32' lang='lat' dir='ltr'><em>ff</em></span> <span class='ocrx_word' id='word_1_204' title='bbox 1112 1586 1152 1593; x_wconf 47' lang='grc' dir='ltr'>Γπ</span> <span class='ocrx_word' id='word_1_205' title='bbox 1157 1583 1698 1594; x_wconf 52' lang='grc' dir='ltr'>ΝακκυωνυννκΛΛΛΛΛἊΜΛΛΝκΝ</span> 
     </span>
    </p>
   </div>
   <div class='ocr_carea' id='block_1_4' title="bbox 264 1587 453 1597">
    <p class='ocr_par' dir='ltr' id='par_1_6' title="bbox 264 1587 453 1597">
     <span class='ocr_line' id='line_1_25' title="bbox 264 1587 453 1597; baseline 0 1498"><span class='ocrx_word' id='word_1_206' title='bbox 264 1587 453 1597; x_wconf 95' lang='lat' dir='ltr'> </span> 
     </span>
    </p>
   </div>
   <div class='ocr_carea' id='block_1_5' title="bbox 265 1641 1696 1734">
    <p class='ocr_par' dir='ltr' id='par_1_7' title="bbox 265 1641 1696 1734">
     <span class='ocr_line' id='line_1_26' title="bbox 355 1641 1696 1686; baseline -0.002 -9"><span class='ocrx_word' id='word_1_207' title='bbox 355 1647 375 1686; x_wconf 65' lang='grc' dir='ltr'>ἓ</span> <span class='ocrx_word' id='word_1_208' title='bbox 393 1648 455 1677; x_wconf 76' lang='lat'>220</span> <span class='ocrx_word' id='word_1_209' title='bbox 484 1646 556 1678; x_wconf 79' lang='lat' dir='ltr'>scre</span> <span class='ocrx_word' id='word_1_210' title='bbox 581 1659 622 1673; x_wconf 93' lang='lat'><strong><em>=</em></strong></span> <span class='ocrx_word' id='word_1_211' title='bbox 649 1646 731 1677; x_wconf 79' lang='lat' dir='ltr'>Inst.</span> <span class='ocrx_word' id='word_1_212' title='bbox 759 1647 796 1683; x_wconf 76' lang='lat'>4,</span> <span class='ocrx_word' id='word_1_213' title='bbox 826 1647 855 1686; x_wconf 73' lang='lat' dir='ltr'>lo,</span> <span class='ocrx_word' id='word_1_214' title='bbox 882 1647 894 1676; x_wconf 98' lang='grc'><strong>4</strong></span> <span class='ocrx_word' id='word_1_215' title='bbox 931 1642 943 1686; x_wconf 79' lang='grc' dir='ltr'>ΙΙ</span> <span class='ocrx_word' id='word_1_216' title='bbox 972 1645 1069 1684; x_wconf 70' lang='lat'>§22¹</span> <span class='ocrx_word' id='word_1_217' title='bbox 1103 1643 1176 1676; x_wconf 82' lang='lat' dir='ltr'>sere</span> <span class='ocrx_word' id='word_1_218' title='bbox 1202 1656 1243 1670; x_wconf 96' lang='lat'>=</span> <span class='ocrx_word' id='word_1_219' title='bbox 1269 1643 1354 1675; x_wconf 84' lang='lat' dir='ltr'>Inst.</span> <span class='ocrx_word' id='word_1_220' title='bbox 1381 1643 1412 1683; x_wconf 70' lang='grc'>4,</span> <span class='ocrx_word' id='word_1_221' title='bbox 1444 1645 1474 1683; x_wconf 74' lang='grc' dir='ltr'>Ιι,</span> <span class='ocrx_word' id='word_1_222' title='bbox 1503 1645 1522 1674; x_wconf 81' lang='lat'>2</span> <span class='ocrx_word' id='word_1_223' title='bbox 1553 1641 1565 1684; x_wconf 82' lang='grc' dir='ltr'>Η</span> <span class='ocrx_word' id='word_1_224' title='bbox 1594 1643 1696 1683; x_wconf 75' lang='lat'>§222</span> 
     </span>
     <span class='ocr_line' id='line_1_27' title="bbox 265 1690 1205 1734; baseline -0.004 -10"><span class='ocrx_word' id='word_1_225' title='bbox 265 1701 379 1734; x_wconf 85' lang='lat' dir='ltr'>usque</span> <span class='ocrx_word' id='word_1_226' title='bbox 406 1692 450 1723; x_wconf 87' lang='lat' dir='ltr'>ad</span> <span class='ocrx_word' id='word_1_227' title='bbox 477 1694 513 1723; x_wconf 75' lang='lat'>2⁴</span> <span class='ocrx_word' id='word_1_228' title='bbox 542 1693 751 1731; x_wconf 71' lang='lat' dir='ltr'>percusserit</span> <span class='ocrx_word' id='word_1_229' title='bbox 777 1690 848 1723; x_wconf 84' lang='lat' dir='ltr'>sere</span> <span class='ocrx_word' id='word_1_230' title='bbox 874 1703 915 1718; x_wconf 92' lang='lat'><strong><em>=</em></strong></span> <span class='ocrx_word' id='word_1_231' title='bbox 942 1691 1027 1722; x_wconf 88' lang='lat' dir='ltr'>Inst.</span> <span class='ocrx_word' id='word_1_232' title='bbox 1054 1691 1085 1728; x_wconf 66' lang='lat' dir='ltr'>lo,</span> <span class='ocrx_word' id='word_1_233' title='bbox 1115 1690 1145 1728; x_wconf 78' lang='grc'>4,</span> <span class='ocrx_word' id='word_1_234' title='bbox 1177 1691 1205 1720; x_wconf 87' lang='grc'>3.</span> 
     </span>
    </p>
   </div>
   <div class='ocr_carea' id='block_1_6' title="bbox 263 1791 1119 1803">
    <p class='ocr_par' dir='ltr' id='par_1_8' title="bbox 263 1791 1119 1803">
     <span class='ocr_line' id='line_1_28' title="bbox 263 1791 1119 1803; baseline -0.004 -1"><span class='ocrx_word' id='word_1_235' title='bbox 263 1792 365 1803; x_wconf 59' lang='lat' dir='ltr'>vs&#39;wx.</span> <span class='ocrx_word' id='word_1_236' title='bbox 1054 1791 1119 1799; x_wconf 62' lang='lat' dir='ltr'>m</span> 
     </span>
    </p>
   </div>
   <div class='ocr_carea' id='block_1_7' title="bbox 366 1793 609 1802">
    <p class='ocr_par' dir='ltr' id='par_1_9' title="bbox 366 1793 609 1802">
     <span class='ocr_line' id='line_1_29' title="bbox 366 1793 609 1802; baseline 0 1293"><span class='ocrx_word' id='word_1_237' title='bbox 366 1793 609 1802; x_wconf 95' lang='lat' dir='ltr'> </span> 
     </span>
    </p>
   </div>
   <div class='ocr_carea' id='block_1_8' title="bbox 265 1860 1698 2725">
    <p class='ocr_par' dir='ltr' id='par_1_10' title="bbox 265 1860 1698 2725">
     <span class='ocr_line' id='line_1_30' title="bbox 358 1860 1696 1902; baseline -0.001 -8"><span class='ocrx_word' id='word_1_238' title='bbox 358 1866 369 1894; x_wconf 88' lang='grc'><strong>4</strong></span> <span class='ocrx_word' id='word_1_239' title='bbox 402 1866 481 1895; x_wconf 82' lang='lat' dir='ltr'>ante</span> <span class='ocrx_word' id='word_1_240' title='bbox 510 1863 529 1902; x_wconf 63' lang='grc' dir='ltr'>ἓ</span> <span class='ocrx_word' id='word_1_241' title='bbox 554 1864 617 1893; x_wconf 78' lang='lat'>220</span> <span class='ocrx_word' id='word_1_242' title='bbox 649 1862 861 1894; x_wconf 74' lang='lat' dir='ltr'>intercidisse</span> <span class='ocrx_word' id='word_1_243' title='bbox 892 1861 994 1899; x_wconf 81' lang='lat' dir='ltr'>talia,</span> <span class='ocrx_word' id='word_1_244' title='bbox 1027 1860 1144 1900; x_wconf 81' lang='lat' dir='ltr'>qualia</span> <span class='ocrx_word' id='word_1_245' title='bbox 1175 1861 1335 1900; x_wconf 72' lang='lat' dir='ltr'>tequntur</span> <span class='ocrx_word' id='word_1_246' title='bbox 1363 1860 1400 1890; x_wconf 81' lang='lat' dir='ltr'>in</span> <span class='ocrx_word' id='word_1_247' title='bbox 1424 1860 1504 1892; x_wconf 77' lang='lat' dir='ltr'>lust.</span> <span class='ocrx_word' id='word_1_248' title='bbox 1533 1861 1565 1899; x_wconf 72' lang='grc'>4,</span> <span class='ocrx_word' id='word_1_249' title='bbox 1599 1861 1616 1891; x_wconf 75' lang='grc'><strong>4</strong></span> <span class='ocrx_word' id='word_1_250' title='bbox 1643 1868 1696 1901; x_wconf 90' lang='lat' dir='ltr'>pr.</span> 
     </span>
     <span class='ocr_line' id='line_1_31' title="bbox 268 1904 1698 1949; baseline -0.003 -8"><span class='ocrx_word' id='word_1_251' title='bbox 268 1909 366 1949; x_wconf 79' lang='lat' dir='ltr'>(conf.</span> <span class='ocrx_word' id='word_1_252' title='bbox 402 1908 483 1941; x_wconf 85' lang='lat' dir='ltr'>Coll.</span> <span class='ocrx_word' id='word_1_253' title='bbox 509 1913 551 1947; x_wconf 75' lang='lat'>2,</span> <span class='ocrx_word' id='word_1_254' title='bbox 579 1912 620 1946; x_wconf 83' lang='lat'>5,</span> <span class='ocrx_word' id='word_1_255' title='bbox 657 1908 701 1949; x_wconf 72' lang='lat'>1),</span> <span class='ocrx_word' id='word_1_256' title='bbox 743 1908 904 1946; x_wconf 80' lang='lat' dir='ltr'>opinatur</span> <span class='ocrx_word' id='word_1_257' title='bbox 943 1906 1098 1938; x_wconf 83' lang='lat' dir='ltr'><em>Huschke</em></span> <span class='ocrx_word' id='word_1_258' title='bbox 1135 1904 1147 1946; x_wconf 89' lang='grc' dir='ltr'>ΙΙ</span> <span class='ocrx_word' id='word_1_259' title='bbox 1187 1905 1426 1937; x_wconf 81' lang='lat' dir='ltr'>committitur</span> <span class='ocrx_word' id='word_1_260' title='bbox 1466 1905 1558 1945; x_wconf 84' lang='lat' dir='ltr'>Inst.,</span> <span class='ocrx_word' id='word_1_261' title='bbox 1600 1913 1698 1937; x_wconf 89' lang='lat' dir='ltr'>com-</span> 
     </span>
     <span class='ocr_line' id='line_1_32' title="bbox 265 1949 1697 1995; baseline -0.003 -9"><span class='ocrx_word' id='word_1_262' title='bbox 265 1956 387 1986; x_wconf 85' lang='lat' dir='ltr'>mittit·</span> <span class='ocrx_word' id='word_1_263' title='bbox 417 1953 452 1995; x_wconf 87' lang='lat' dir='ltr'>C,</span> <span class='ocrx_word' id='word_1_264' title='bbox 479 1953 567 1994; x_wconf 82' lang='lat' dir='ltr'>cons.</span> <span class='ocrx_word' id='word_1_265' title='bbox 596 1952 639 1986; x_wconf 72' lang='lat' dir='ltr'>Ca</span> <span class='ocrx_word' id='word_1_266' title='bbox 662 1962 739 1993; x_wconf 73' lang='lat' dir='ltr'>pay.</span> <span class='ocrx_word' id='word_1_267' title='bbox 763 1956 832 1985; x_wconf 85' lang='lat'><em>506·</em></span> <span class='ocrx_word' id='word_1_268' title='bbox 871 1951 883 1995; x_wconf 84' lang='grc' dir='ltr'>ΙΙ</span> <span class='ocrx_word' id='word_1_269' title='bbox 923 1954 942 1984; x_wconf 81' lang='lat'>2</span> <span class='ocrx_word' id='word_1_270' title='bbox 976 1951 1068 1984; x_wconf 83' lang='lat' dir='ltr'>fuste</span> <span class='ocrx_word' id='word_1_271' title='bbox 1093 1959 1290 1993; x_wconf 83' lang='lat' dir='ltr'>percussus</span> <span class='ocrx_word' id='word_1_272' title='bbox 1319 1949 1359 1990; x_wconf 83' lang='lat' dir='ltr'>G,</span> <span class='ocrx_word' id='word_1_273' title='bbox 1389 1950 1545 1983; x_wconf 84' lang='lat' dir='ltr'>fustibus</span> <span class='ocrx_word' id='word_1_274' title='bbox 1570 1959 1697 1983; x_wconf 86' lang='lat' dir='ltr'>caesus</span> 
     </span>
     <span class='ocr_line' id='line_1_33' title="bbox 266 1993 1696 2044; baseline -0.003 -12"><span class='ocrx_word' id='word_1_275' title='bbox 266 2001 346 2033; x_wconf 79' lang='lat' dir='ltr'>Inst.</span> <span class='ocrx_word' id='word_1_276' title='bbox 371 1997 382 2044; x_wconf 88' lang='grc' dir='ltr'>ΙΙ</span> <span class='ocrx_word' id='word_1_277' title='bbox 408 2000 621 2032; x_wconf 81' lang='lat' dir='ltr'>uerberalus</span> <span class='ocrx_word' id='word_1_278' title='bbox 648 1999 740 2038; x_wconf 64' lang='lat' dir='ltr'>Inst„</span> <span class='ocrx_word' id='word_1_279' title='bbox 771 1998 954 2031; x_wconf 77' lang='lat' dir='ltr'>iuberatus</span> <span class='ocrx_word' id='word_1_280' title='bbox 983 1997 1009 2030; x_wconf 89' lang='lat' dir='ltr'><strong><em>C</em></strong></span> <span class='ocrx_word' id='word_1_281' title='bbox 1046 1996 1059 2040; x_wconf 86' lang='grc' dir='ltr'>ΙΙ</span> <span class='ocrx_word' id='word_1_282' title='bbox 1101 1999 1118 2028; x_wconf 91' lang='grc'><strong>3</strong></span> <span class='ocrx_word' id='word_1_283' title='bbox 1146 1998 1253 2029; x_wconf 85' lang='lat' dir='ltr'>etiam</span> <span class='ocrx_word' id='word_1_284' title='bbox 1281 1997 1374 2034; x_wconf 66' lang='lat' dir='ltr'>Inst„</span> <span class='ocrx_word' id='word_1_285' title='bbox 1402 1994 1461 2029; x_wconf 82' lang='lat' dir='ltr'>et?</span> <span class='ocrx_word' id='word_1_286' title='bbox 1489 1996 1515 2029; x_wconf 91' lang='lat' dir='ltr'><strong><em>G</em></strong></span> <span class='ocrx_word' id='word_1_287' title='bbox 1553 1993 1565 2040; x_wconf 80' lang='lat' dir='ltr'>ss</span> <span class='ocrx_word' id='word_1_288' title='bbox 1604 1996 1696 2029; x_wconf 83' lang='lat' dir='ltr'>bona</span> 
     </span>
     <span class='ocr_line' id='line_1_34' title="bbox 267 2041 1692 2087; baseline -0.003 -9"><span class='ocrx_word' id='word_1_289' title='bbox 267 2047 358 2084; x_wconf 70' lang='lat' dir='ltr'>Inst„</span> <span class='ocrx_word' id='word_1_290' title='bbox 386 2055 456 2077; x_wconf 88' lang='lat' dir='ltr'>uon</span> <span class='ocrx_word' id='word_1_291' title='bbox 486 2045 512 2078; x_wconf 86' lang='lat' dir='ltr'><strong><em>C</em></strong></span> <span class='ocrx_word' id='word_1_292' title='bbox 549 2043 561 2087; x_wconf 88' lang='grc' dir='ltr'>ΙΙ</span> <span class='ocrx_word' id='word_1_293' title='bbox 603 2046 619 2076; x_wconf 80' lang='grc'><strong>4</strong></span> <span class='ocrx_word' id='word_1_294' title='bbox 647 2053 727 2077; x_wconf 85' lang='lat' dir='ltr'>eum</span> <span class='ocrx_word' id='word_1_295' title='bbox 755 2045 843 2076; x_wconf 89' lang='lat' dir='ltr'>nihil</span> <span class='ocrx_word' id='word_1_296' title='bbox 873 2043 914 2084; x_wconf 88' lang='lat' dir='ltr'>C,</span> <span class='ocrx_word' id='word_1_297' title='bbox 950 2043 1039 2075; x_wconf 83' lang='lat' dir='ltr'>nihil</span> <span class='ocrx_word' id='word_1_298' title='bbox 1065 2052 1147 2075; x_wconf 85' lang='lat' dir='ltr'>eum</span> <span class='ocrx_word' id='word_1_299' title='bbox 1175 2043 1255 2074; x_wconf 84' lang='lat' dir='ltr'>Inst.</span> <span class='ocrx_word' id='word_1_300' title='bbox 1295 2041 1307 2085; x_wconf 76' lang='grc' dir='ltr'>ΙΙ</span> <span class='ocrx_word' id='word_1_301' title='bbox 1346 2042 1416 2074; x_wconf 89' lang='lat' dir='ltr'>sibi</span> <span class='ocrx_word' id='word_1_302' title='bbox 1444 2042 1575 2075; x_wconf 82' lang='lat' dir='ltr'>debere</span> <span class='ocrx_word' id='word_1_303' title='bbox 1601 2042 1692 2082; x_wconf 63' lang='lat' dir='ltr'>Inst„</span> 
     </span>
     <span class='ocr_line' id='line_1_35' title="bbox 265 2087 1697 2132; baseline -0.002 -9"><span class='ocrx_word' id='word_1_304' title='bbox 265 2093 332 2123; x_wconf 87' lang='lat' dir='ltr'>sibi</span> <span class='ocrx_word' id='word_1_305' title='bbox 360 2092 492 2124; x_wconf 88' lang='lat' dir='ltr'>dcbcre</span> <span class='ocrx_word' id='word_1_306' title='bbox 519 2091 589 2123; x_wconf 84' lang='lat' dir='ltr'>sibi</span> <span class='ocrx_word' id='word_1_307' title='bbox 618 2089 644 2123; x_wconf 90' lang='lat' dir='ltr'><strong><em>C</em></strong></span> <span class='ocrx_word' id='word_1_308' title='bbox 674 2089 686 2132; x_wconf 86' lang='grc'>11</span> <span class='ocrx_word' id='word_1_309' title='bbox 719 2093 736 2122; x_wconf 87' lang='lat'>5</span> <span class='ocrx_word' id='word_1_310' title='bbox 763 2091 840 2122; x_wconf 85' lang='lat' dir='ltr'>siue</span> <span class='ocrx_word' id='word_1_311' title='bbox 870 2089 910 2131; x_wconf 85' lang='lat' dir='ltr'>C,</span> <span class='ocrx_word' id='word_1_312' title='bbox 937 2090 994 2122; x_wconf 89' lang='lat' dir='ltr'>uel</span> <span class='ocrx_word' id='word_1_313' title='bbox 1021 2090 1048 2121; x_wconf 85' lang='lat' dir='ltr'>si</span> <span class='ocrx_word' id='word_1_314' title='bbox 1077 2089 1157 2120; x_wconf 84' lang='lat' dir='ltr'>Inst.</span> <span class='ocrx_word' id='word_1_315' title='bbox 1195 2087 1208 2130; x_wconf 78' lang='grc' dir='ltr'>ΙΙ</span> <span class='ocrx_word' id='word_1_316' title='bbox 1248 2091 1266 2120; x_wconf 85' lang='grc'><strong>6</strong></span> <span class='ocrx_word' id='word_1_317' title='bbox 1292 2088 1445 2121; x_wconf 79' lang='lat' dir='ltr'>familias</span> <span class='ocrx_word' id='word_1_318' title='bbox 1472 2089 1563 2127; x_wconf 57' lang='lat' dir='ltr'>Inst„</span> <span class='ocrx_word' id='word_1_319' title='bbox 1594 2087 1697 2120; x_wconf 83' lang='lat' dir='ltr'>sami-</span> 
     </span>
     <span class='ocr_line' id='line_1_36' title="bbox 266 2133 1696 2179; baseline -0.002 -10"><span class='ocrx_word' id='word_1_320' title='bbox 266 2139 349 2169; x_wconf 85' lang='lat' dir='ltr'>liam</span> <span class='ocrx_word' id='word_1_321' title='bbox 378 2136 404 2170; x_wconf 88' lang='lat' dir='ltr'><strong><em>G</em></strong></span> <span class='ocrx_word' id='word_1_322' title='bbox 425 2135 438 2179; x_wconf 89' lang='grc' dir='ltr'>ΙΙ</span> <span class='ocrx_word' id='word_1_323' title='bbox 462 2138 721 2178; x_wconf 81' lang='lat' dir='ltr'>praetextatum</span> <span class='ocrx_word' id='word_1_324' title='bbox 749 2135 787 2176; x_wconf 85' lang='lat' dir='ltr'>C,</span> <span class='ocrx_word' id='word_1_325' title='bbox 815 2138 1074 2177; x_wconf 65' lang='lat' dir='ltr'>praetextatum</span> <span class='ocrx_word' id='word_1_326' title='bbox 1100 2136 1404 2176; x_wconf 78' lang='lat' dir='ltr'>praetextatamue</span> <span class='ocrx_word' id='word_1_327' title='bbox 1437 2134 1517 2166; x_wconf 82' lang='lat' dir='ltr'>Inst.</span> <span class='ocrx_word' id='word_1_328' title='bbox 1541 2133 1554 2176; x_wconf 80' lang='grc' dir='ltr'>ΙΙ</span> <span class='ocrx_word' id='word_1_329' title='bbox 1579 2136 1596 2165; x_wconf 93' lang='grc'><strong>7</strong></span> <span class='ocrx_word' id='word_1_330' title='bbox 1624 2135 1696 2175; x_wconf 86' lang='lat' dir='ltr'>pali</span> 
     </span>
     <span class='ocr_line' id='line_1_37' title="bbox 266 2178 1696 2223; baseline -0.003 -8"><span class='ocrx_word' id='word_1_331' title='bbox 266 2185 384 2215; x_wconf 79' lang='lat' dir='ltr'>autem</span> <span class='ocrx_word' id='word_1_332' title='bbox 415 2183 597 2221; x_wconf 80' lang='lat' dir='ltr'>Goeschen‚</span> <span class='ocrx_word' id='word_1_333' title='bbox 627 2182 671 2213; x_wconf 86' lang='lat' dir='ltr'>ad</span> <span class='ocrx_word' id='word_1_334' title='bbox 694 2183 767 2223; x_wconf 84' lang='lat' dir='ltr'>pati</span> <span class='ocrx_word' id='word_1_335' title='bbox 794 2184 915 2213; x_wconf 80' lang='lat' dir='ltr'>autem</span> <span class='ocrx_word' id='word_1_336' title='bbox 941 2182 1069 2213; x_wconf 81' lang='lat' dir='ltr'>ducunt</span> <span class='ocrx_word' id='word_1_337' title='bbox 1096 2181 1193 2219; x_wconf 66' lang='lat' dir='ltr'>Just,</span> <span class='ocrx_word' id='word_1_338' title='bbox 1221 2180 1337 2221; x_wconf 82' lang='lat' dir='ltr'>spatia</span> <span class='ocrx_word' id='word_1_339' title='bbox 1366 2179 1391 2212; x_wconf 89' lang='lat' dir='ltr'>C</span> <span class='ocrx_word' id='word_1_340' title='bbox 1419 2178 1432 2221; x_wconf 78' lang='grc' dir='ltr'>ΙΙ</span> <span class='ocrx_word' id='word_1_341' title='bbox 1464 2181 1502 2211; x_wconf 88' lang='grc'>40</span> <span class='ocrx_word' id='word_1_342' title='bbox 1530 2181 1696 2221; x_wconf 84' lang='lat' dir='ltr'>quamuis</span> 
     </span>
     <span class='ocr_line' id='line_1_38' title="bbox 268 2224 1696 2268; baseline -0.002 -8"><span class='ocrx_word' id='word_1_343' title='bbox 268 2228 478 2267; x_wconf 75' lang='lat' dir='ltr'>Lachmann,</span> <span class='ocrx_word' id='word_1_344' title='bbox 507 2237 539 2260; x_wconf 90' lang='lat' dir='ltr'>c·</span> <span class='ocrx_word' id='word_1_345' title='bbox 567 2228 600 2268; x_wconf 81' lang='lat' dir='ltr'>(i.</span> <span class='ocrx_word' id='word_1_346' title='bbox 629 2236 655 2259; x_wconf 86' lang='lat' dir='ltr'>e.</span> <span class='ocrx_word' id='word_1_347' title='bbox 683 2236 764 2259; x_wconf 86' lang='lat' dir='ltr'>curn</span> <span class='ocrx_word' id='word_1_348' title='bbox 776 2224 804 2267; x_wconf 67' lang='lat' dir='ltr'>P)</span> <span class='ocrx_word' id='word_1_349' title='bbox 835 2226 876 2268; x_wconf 88' lang='lat' dir='ltr'>C;</span> <span class='ocrx_word' id='word_1_350' title='bbox 907 2227 1014 2258; x_wconf 82' lang='lat' dir='ltr'>uerba</span> <span class='ocrx_word' id='word_1_351' title='bbox 1046 2235 1128 2258; x_wconf 85' lang='lat' dir='ltr'>cum</span> <span class='ocrx_word' id='word_1_352' title='bbox 1161 2227 1195 2257; x_wconf 90' lang='lat' dir='ltr'>in</span> <span class='ocrx_word' id='word_1_353' title='bbox 1229 2234 1337 2257; x_wconf 86' lang='lat' dir='ltr'>manu</span> <span class='ocrx_word' id='word_1_354' title='bbox 1363 2227 1484 2257; x_wconf 83' lang='lat' dir='ltr'>nostra</span> <span class='ocrx_word' id='word_1_355' title='bbox 1511 2226 1583 2257; x_wconf 83' lang='lat' dir='ltr'>sint</span> <span class='ocrx_word' id='word_1_356' title='bbox 1607 2228 1696 2257; x_wconf 87' lang='lat' dir='ltr'>tam-</span> 
     </span>
     <span class='ocr_line' id='line_1_39' title="bbox 265 2269 1696 2315; baseline -0.001 -9"><span class='ocrx_word' id='word_1_357' title='bbox 265 2284 366 2314; x_wconf 75' lang='lat' dir='ltr'>quam</span> <span class='ocrx_word' id='word_1_358' title='bbox 389 2275 557 2315; x_wconf 62' lang='lat' dir='ltr'>glossema</span> <span class='ocrx_word' id='word_1_359' title='bbox 589 2274 727 2312; x_wconf 70' lang='lat' dir='ltr'>expellit</span> <span class='ocrx_word' id='word_1_360' title='bbox 753 2273 940 2304; x_wconf 75' lang='lat' dir='ltr'>Mommsen</span> <span class='ocrx_word' id='word_1_361' title='bbox 963 2271 975 2314; x_wconf 82' lang='grc' dir='ltr'>Η</span> <span class='ocrx_word' id='word_1_362' title='bbox 1000 2274 1119 2303; x_wconf 84' lang='lat' dir='ltr'>nostra</span> <span class='ocrx_word' id='word_1_363' title='bbox 1151 2269 1246 2314; x_wconf 88' lang='lat' dir='ltr'>(non)</span> <span class='ocrx_word' id='word_1_364' title='bbox 1272 2271 1458 2311; x_wconf 54' lang='lat' dir='ltr'>Boeoti-inq,</span> <span class='ocrx_word' id='word_1_365' title='bbox 1488 2273 1607 2303; x_wconf 82' lang='lat' dir='ltr'>nostra</span> <span class='ocrx_word' id='word_1_366' title='bbox 1636 2270 1663 2304; x_wconf 88' lang='lat' dir='ltr'><em>C</em></span> <span class='ocrx_word' id='word_1_367' title='bbox 1683 2269 1696 2312; x_wconf 84' lang='grc' dir='ltr'>Η</span> 
     </span>
     <span class='ocr_line' id='line_1_40' title="bbox 267 2316 1693 2360; baseline -0.002 -9"><span class='ocrx_word' id='word_1_368' title='bbox 267 2323 299 2351; x_wconf 87' lang='grc'>44</span> <span class='ocrx_word' id='word_1_369' title='bbox 334 2320 427 2352; x_wconf 83' lang='lat' dir='ltr'>filiae</span> <span class='ocrx_word' id='word_1_370' title='bbox 456 2320 551 2359; x_wconf 64' lang='lat' dir='ltr'>inst„</span> <span class='ocrx_word' id='word_1_371' title='bbox 583 2319 713 2351; x_wconf 83' lang='lat' dir='ltr'>ueltiae</span> <span class='ocrx_word' id='word_1_372' title='bbox 738 2317 831 2350; x_wconf 84' lang='lat' dir='ltr'>filiae</span> <span class='ocrx_word' id='word_1_373' title='bbox 860 2318 885 2350; x_wconf 90' lang='lat' dir='ltr'>C</span> <span class='ocrx_word' id='word_1_374' title='bbox 907 2317 920 2360; x_wconf 76' lang='grc' dir='ltr'>ΙΙ</span> <span class='ocrx_word' id='word_1_375' title='bbox 946 2320 985 2350; x_wconf 72' lang='grc'>42</span> <span class='ocrx_word' id='word_1_376' title='bbox 1013 2318 1068 2358; x_wconf 83' lang='lat' dir='ltr'>agi</span> <span class='ocrx_word' id='word_1_377' title='bbox 1095 2318 1306 2349; x_wconf 79' lang='lat' dir='ltr'>iniuriarum</span> <span class='ocrx_word' id='word_1_378' title='bbox 1336 2316 1370 2355; x_wconf 90' lang='lat' dir='ltr'>C,</span> <span class='ocrx_word' id='word_1_379' title='bbox 1402 2318 1613 2349; x_wconf 80' lang='lat' dir='ltr'>iniuriarum</span> <span class='ocrx_word' id='word_1_380' title='bbox 1640 2317 1693 2357; x_wconf 82' lang='lat' dir='ltr'>agi</span> 
     </span>
     <span class='ocr_line' id='line_1_41' title="bbox 268 2360 1693 2409; baseline -0.002 -13"><span class='ocrx_word' id='word_1_381' title='bbox 268 2367 346 2398; x_wconf 73' lang='lat' dir='ltr'>lust.</span> <span class='ocrx_word' id='word_1_382' title='bbox 371 2365 384 2409; x_wconf 78' lang='grc' dir='ltr'>ΙΙ</span> <span class='ocrx_word' id='word_1_383' title='bbox 410 2374 536 2397; x_wconf 84' lang='lat' dir='ltr'>uerum</span> <span class='ocrx_word' id='word_1_384' title='bbox 568 2364 602 2404; x_wconf 87' lang='lat' dir='ltr'>C,</span> <span class='ocrx_word' id='word_1_385' title='bbox 630 2364 689 2395; x_wconf 78' lang='lat' dir='ltr'>sed</span> <span class='ocrx_word' id='word_1_386' title='bbox 719 2364 799 2396; x_wconf 82' lang='lat' dir='ltr'>Inst.</span> <span class='ocrx_word' id='word_1_387' title='bbox 822 2362 835 2406; x_wconf 85' lang='grc' dir='ltr'>ΙΙ</span> <span class='ocrx_word' id='word_1_388' title='bbox 866 2366 906 2395; x_wconf 91' lang='grc'>43</span> <span class='ocrx_word' id='word_1_389' title='bbox 934 2364 1078 2395; x_wconf 81' lang='lat' dir='ltr'>nominc</span> <span class='ocrx_word' id='word_1_390' title='bbox 1105 2363 1196 2402; x_wconf 69' lang='lat' dir='ltr'>Inst„</span> <span class='ocrx_word' id='word_1_391' title='bbox 1224 2371 1353 2394; x_wconf 82' lang='lat' dir='ltr'>nomen</span> <span class='ocrx_word' id='word_1_392' title='bbox 1383 2361 1408 2394; x_wconf 87' lang='lat' dir='ltr'><strong><em>C</em></strong></span> <span class='ocrx_word' id='word_1_393' title='bbox 1437 2360 1450 2405; x_wconf 78' lang='grc' dir='ltr'>ΙΙ</span> <span class='ocrx_word' id='word_1_394' title='bbox 1480 2364 1520 2394; x_wconf 76' lang='grc'>44</span> <span class='ocrx_word' id='word_1_395' title='bbox 1547 2362 1693 2403; x_wconf 86' lang='lat' dir='ltr'>quidem</span> 
     </span>
     <span class='ocr_line' id='line_1_42' title="bbox 268 2405 1694 2453; baseline -0.001 -12"><span class='ocrx_word' id='word_1_396' title='bbox 268 2413 359 2449; x_wconf 80' lang='lat' dir='ltr'>Inst.‚</span> <span class='ocrx_word' id='word_1_397' title='bbox 394 2411 491 2452; x_wconf 83' lang='lat' dir='ltr'>quod</span> <span class='ocrx_word' id='word_1_398' title='bbox 525 2410 551 2442; x_wconf 91' lang='lat' dir='ltr'><strong><em>C</em></strong></span> <span class='ocrx_word' id='word_1_399' title='bbox 589 2409 601 2453; x_wconf 91' lang='grc' dir='ltr'>ΙΙ</span> <span class='ocrx_word' id='word_1_400' title='bbox 642 2410 816 2449; x_wconf 69' lang='lat' dir='ltr'>intellegit</span> <span class='ocrx_word' id='word_1_401' title='bbox 846 2409 921 2441; x_wconf 76' lang='lat' dir='ltr'>fieri</span> <span class='ocrx_word' id='word_1_402' title='bbox 956 2409 997 2447; x_wconf 82' lang='lat' dir='ltr'>C,</span> <span class='ocrx_word' id='word_1_403' title='bbox 1046 2409 1121 2440; x_wconf 81' lang='lat' dir='ltr'>[ieri</span> <span class='ocrx_word' id='word_1_404' title='bbox 1156 2409 1373 2449; x_wconf 80' lang='lat' dir='ltr'>intellegitur</span> <span class='ocrx_word' id='word_1_405' title='bbox 1404 2409 1483 2440; x_wconf 82' lang='lat' dir='ltr'>Inst.</span> <span class='ocrx_word' id='word_1_406' title='bbox 1523 2405 1536 2451; x_wconf 81' lang='grc' dir='ltr'>ΙΙ</span> <span class='ocrx_word' id='word_1_407' title='bbox 1577 2409 1616 2440; x_wconf 88' lang='grc'>45</span> <span class='ocrx_word' id='word_1_408' title='bbox 1643 2409 1694 2440; x_wconf 86' lang='lat' dir='ltr'>ta-</span> 
     </span>
     <span class='ocr_line' id='line_1_43' title="bbox 268 2452 1693 2498; baseline -0.002 -11"><span class='ocrx_word' id='word_1_409' title='bbox 268 2457 359 2498; x_wconf 81' lang='lat' dir='ltr'>men]</span> <span class='ocrx_word' id='word_1_410' title='bbox 396 2457 482 2497; x_wconf 84' lang='lat' dir='ltr'>cons.</span> <span class='ocrx_word' id='word_1_411' title='bbox 522 2455 565 2488; x_wconf 80' lang='lat' dir='ltr'>Ca</span> <span class='ocrx_word' id='word_1_412' title='bbox 598 2464 678 2496; x_wconf 72' lang='lat' dir='ltr'>paq.</span> <span class='ocrx_word' id='word_1_413' title='bbox 703 2458 771 2487; x_wconf 82' lang='lat'>508</span> <span class='ocrx_word' id='word_1_414' title='bbox 807 2464 897 2487; x_wconf 85' lang='lat' dir='ltr'>uers.</span> <span class='ocrx_word' id='word_1_415' title='bbox 929 2457 949 2487; x_wconf 83' lang='lat'><em>8</em></span> <span class='ocrx_word' id='word_1_416' title='bbox 987 2453 1000 2497; x_wconf 88' lang='grc' dir='ltr'>ΙΙ</span> <span class='ocrx_word' id='word_1_417' title='bbox 1041 2458 1082 2486; x_wconf 90' lang='grc'>46</span> <span class='ocrx_word' id='word_1_418' title='bbox 1114 2454 1172 2486; x_wconf 88' lang='lat' dir='ltr'>ucl</span> <span class='ocrx_word' id='word_1_419' title='bbox 1207 2453 1247 2495; x_wconf 88' lang='lat' dir='ltr'>C,</span> <span class='ocrx_word' id='word_1_420' title='bbox 1284 2456 1319 2485; x_wconf 86' lang='lat' dir='ltr'>ct</span> <span class='ocrx_word' id='word_1_421' title='bbox 1351 2454 1430 2485; x_wconf 83' lang='lat' dir='ltr'>Inst.</span> <span class='ocrx_word' id='word_1_422' title='bbox 1471 2452 1484 2496; x_wconf 84' lang='grc' dir='ltr'>ΙΙ</span> <span class='ocrx_word' id='word_1_423' title='bbox 1524 2455 1563 2484; x_wconf 91' lang='grc'>47</span> <span class='ocrx_word' id='word_1_424' title='bbox 1596 2453 1693 2494; x_wconf 88' lang='lat' dir='ltr'>quod</span> 
     </span>
     <span class='ocr_line' id='line_1_44' title="bbox 270 2499 1694 2542; baseline -0.003 -8"><span class='ocrx_word' id='word_1_425' title='bbox 270 2502 294 2534; x_wconf 89' lang='lat' dir='ltr'><em>C</em></span> <span class='ocrx_word' id='word_1_426' title='bbox 325 2506 354 2534; x_wconf 83' lang='lat' dir='ltr'>et</span> <span class='ocrx_word' id='word_1_427' title='bbox 388 2503 468 2534; x_wconf 80' lang='lat' dir='ltr'>Inst.</span> <span class='ocrx_word' id='word_1_428' title='bbox 500 2503 629 2533; x_wconf 85' lang='lat' dir='ltr'>codices</span> <span class='ocrx_word' id='word_1_429' title='bbox 669 2502 810 2542; x_wconf 78' lang='lat' dir='ltr'>aliquot,</span> <span class='ocrx_word' id='word_1_430' title='bbox 852 2503 887 2532; x_wconf 79' lang='lat' dir='ltr'>et</span> <span class='ocrx_word' id='word_1_431' title='bbox 927 2501 1024 2541; x_wconf 87' lang='lat' dir='ltr'>quod</span> <span class='ocrx_word' id='word_1_432' title='bbox 1059 2501 1311 2532; x_wconf 78' lang='lat' dir='ltr'>Institutionum</span> <span class='ocrx_word' id='word_1_433' title='bbox 1351 2501 1479 2531; x_wconf 81' lang='lat' dir='ltr'>codices</span> <span class='ocrx_word' id='word_1_434' title='bbox 1518 2499 1579 2530; x_wconf 79' lang='lat' dir='ltr'>alii</span> <span class='ocrx_word' id='word_1_435' title='bbox 1618 2507 1694 2530; x_wconf 85' lang='lat' dir='ltr'>cum</span> 
     </span>
     <span class='ocr_line' id='line_1_45' title="bbox 272 2543 1693 2589; baseline -0.002 -11"><span class='ocrx_word' id='word_1_436' title='bbox 272 2548 446 2587; x_wconf 82' lang='lat' dir='ltr'>Theophilo</span> <span class='ocrx_word' id='word_1_437' title='bbox 484 2546 497 2589; x_wconf 81' lang='grc' dir='ltr'>ΙΙ</span> <span class='ocrx_word' id='word_1_438' title='bbox 537 2550 658 2588; x_wconf 76' lang='lat' dir='ltr'>aperie</span> <span class='ocrx_word' id='word_1_439' title='bbox 685 2547 788 2589; x_wconf 84' lang='lat' dir='ltr'>Inst.‚</span> <span class='ocrx_word' id='word_1_440' title='bbox 815 2549 933 2588; x_wconf 85' lang='lat' dir='ltr'>aptcm</span> <span class='ocrx_word' id='word_1_441' title='bbox 964 2545 988 2578; x_wconf 90' lang='lat' dir='ltr'><strong><em>C</em></strong></span> <span class='ocrx_word' id='word_1_442' title='bbox 1026 2544 1039 2588; x_wconf 87' lang='grc' dir='ltr'>ΙΙ</span> <span class='ocrx_word' id='word_1_443' title='bbox 1080 2547 1113 2577; x_wconf 85' lang='lat' dir='ltr'>in</span> <span class='ocrx_word' id='word_1_444' title='bbox 1143 2545 1178 2585; x_wconf 86' lang='lat' dir='ltr'>C,</span> <span class='ocrx_word' id='word_1_445' title='bbox 1203 2545 1248 2577; x_wconf 87' lang='lat' dir='ltr'>ad</span> <span class='ocrx_word' id='word_1_446' title='bbox 1276 2546 1354 2577; x_wconf 77' lang='lat' dir='ltr'>lust.</span> <span class='ocrx_word' id='word_1_447' title='bbox 1394 2543 1407 2588; x_wconf 82' lang='grc' dir='ltr'>ΙΙ</span> <span class='ocrx_word' id='word_1_448' title='bbox 1446 2546 1578 2576; x_wconf 85' lang='grc'><strong>47-48</strong></span> <span class='ocrx_word' id='word_1_449' title='bbox 1605 2553 1693 2576; x_wconf 89' lang='lat' dir='ltr'>con-</span> 
     </span>
     <span class='ocr_line' id='line_1_46' title="bbox 267 2588 1695 2634; baseline -0.001 -11"><span class='ocrx_word' id='word_1_450' title='bbox 267 2595 448 2624; x_wconf 74' lang='lat' dir='ltr'>tumeliam</span> <span class='ocrx_word' id='word_1_451' title='bbox 477 2594 573 2633; x_wconf 65' lang='lat' dir='ltr'>lust,</span> <span class='ocrx_word' id='word_1_452' title='bbox 607 2594 681 2624; x_wconf 85' lang='lat' dir='ltr'>tum</span> <span class='ocrx_word' id='word_1_453' title='bbox 714 2593 821 2624; x_wconf 76' lang='lat' dir='ltr'>eliani</span> <span class='ocrx_word' id='word_1_454' title='bbox 859 2591 883 2624; x_wconf 91' lang='lat' dir='ltr'>C</span> <span class='ocrx_word' id='word_1_455' title='bbox 922 2589 934 2634; x_wconf 90' lang='grc' dir='ltr'>ΙΙ</span> <span class='ocrx_word' id='word_1_456' title='bbox 974 2595 1015 2624; x_wconf 89' lang='grc'>48</span> <span class='ocrx_word' id='word_1_457' title='bbox 1048 2591 1123 2624; x_wconf 81' lang='lat' dir='ltr'>fieri</span> <span class='ocrx_word' id='word_1_458' title='bbox 1155 2591 1300 2623; x_wconf 78' lang='lat' dir='ltr'>uidetur</span> <span class='ocrx_word' id='word_1_459' title='bbox 1327 2590 1371 2629; x_wconf 89' lang='lat' dir='ltr'>C,</span> <span class='ocrx_word' id='word_1_460' title='bbox 1405 2591 1553 2631; x_wconf 83' lang='lat' dir='ltr'>respicit</span> <span class='ocrx_word' id='word_1_461' title='bbox 1578 2590 1658 2622; x_wconf 80' lang='lat' dir='ltr'>Inst.</span> <span class='ocrx_word' id='word_1_462' title='bbox 1683 2588 1695 2631; x_wconf 90' lang='grc' dir='ltr'>ΙΙ</span> 
     </span>
     <span class='ocr_line' id='line_1_47' title="bbox 266 2632 1692 2682; baseline -0.001 -13"><span class='ocrx_word' id='word_1_463' title='bbox 266 2642 306 2670; x_wconf 74' lang='lat'>20</span> <span class='ocrx_word' id='word_1_464' title='bbox 334 2640 414 2679; x_wconf 82' lang='lat' dir='ltr'>quis</span> <span class='ocrx_word' id='word_1_465' title='bbox 442 2639 537 2679; x_wconf 61' lang='lat' dir='ltr'>lost„</span> <span class='ocrx_word' id='word_1_466' title='bbox 563 2640 622 2679; x_wconf 86' lang='lat' dir='ltr'>qui</span> <span class='ocrx_word' id='word_1_467' title='bbox 653 2638 678 2670; x_wconf 90' lang='lat' dir='ltr'><strong><em>C</em></strong></span> <span class='ocrx_word' id='word_1_468' title='bbox 706 2637 718 2682; x_wconf 76' lang='lat' dir='ltr'>n</span> <span class='ocrx_word' id='word_1_469' title='bbox 749 2641 784 2670; x_wconf 76' lang='grc'>24</span> <span class='ocrx_word' id='word_1_470' title='bbox 818 2638 1031 2680; x_wconf 78' lang='lat' dir='ltr'>proponitur</span> <span class='ocrx_word' id='word_1_471' title='bbox 1059 2637 1244 2679; x_wconf 77' lang='lat' dir='ltr'>Goeschen,</span> <span class='ocrx_word' id='word_1_472' title='bbox 1270 2637 1437 2678; x_wconf 86' lang='lat' dir='ltr'>proponit</span> <span class='ocrx_word' id='word_1_473' title='bbox 1464 2635 1490 2668; x_wconf 87' lang='lat' dir='ltr'><strong><em>C</em></strong></span> <span class='ocrx_word' id='word_1_474' title='bbox 1517 2632 1529 2679; x_wconf 82' lang='grc' dir='ltr'>ΙΙ</span> <span class='ocrx_word' id='word_1_475' title='bbox 1560 2636 1692 2677; x_wconf 84' lang='lat' dir='ltr'>petenti</span> 
     </span>
     <span class='ocr_line' id='line_1_48' title="bbox 270 2683 681 2725; baseline -0.002 -9"><span class='ocrx_word' id='word_1_476' title='bbox 270 2684 452 2721; x_wconf 84' lang='lat' dir='ltr'>Goeschen,</span> <span class='ocrx_word' id='word_1_477' title='bbox 480 2685 616 2725; x_wconf 80' lang='lat' dir='ltr'>potenti</span> <span class='ocrx_word' id='word_1_478' title='bbox 645 2683 681 2716; x_wconf 91' lang='lat' dir='ltr'>C.</span> 
     </span>
    </p>
   </div>
   <div class='ocr_carea' id='block_1_9' title="bbox 1867 1651 1892 2477">
    <p class='ocr_par' dir='ltr' id='par_1_11' title="bbox 1867 1651 1892 2477">
     <span class='ocr_line' id='line_1_49' title="bbox 1867 1651 1892 2477; textangle 90"><span class='ocrx_word' id='word_1_479' title='bbox 1867 2447 1873 2477; x_wconf 47' lang='lat'>--</span> <span class='ocrx_word' id='word_1_480' title='bbox 1868 2379 1875 2417; x_wconf 28' lang='grc' dir='ltr'>ἰ’</span> <span class='ocrx_word' id='word_1_481' title='bbox 1867 1830 1892 2363; x_wconf 49' lang='lat' dir='ltr'>‘r&#39;*‘&#39;²){&#39;.⁴fl“m&#39;-1==ra&gt;:a</span> <span class='ocrx_word' id='word_1_482' title='bbox 1883 1779 1892 1796; x_wconf 61' lang='grc' dir='ltr'><strong>Α</strong></span> <span class='ocrx_word' id='word_1_483' title='bbox 1885 1736 1892 1766; x_wconf 73' lang='grc'>.-</span> <span class='ocrx_word' id='word_1_484' title='bbox 1883 1674 1892 1708; x_wconf 48' lang='lat' dir='ltr'>a·</span> <span class='ocrx_word' id='word_1_485' title='bbox 1886 1651 1892 1661; x_wconf 83' lang='lat'>.</span> 
     </span>
    </p>
   </div>
  </div>
 </body>
</html>
