1918 3110
672 222 784 228 ......
844 201 866 238 7
927 221 1039 227 —
1367 199 1573 239 1§24—27

557 324 609 363 (24
637 332 758 355 uersus
782 325 818 355 in
847 322 872 355 C
896 323 961 362 legi
985 322 1163 362 nequeunt)
1566 320 1577 399 Η

82 406 133 445 22
148 405 334 444 homines
379 405 505 443 Latini
543 404 702 443 Iuniani
739 402 1022 455 appellantur3
1060 402 1189 441 Latini
1227 401 1337 455 ideo,
1375 404 1472 455 quia
1504 402 1577 441 ad-
1593 419 1669 452 pag.
1691 413 1708 440 6

149 462 329 501 simulati
376 467 473 500 sunt
517 462 666 500 Latinis
712 460 961 509 colonIarii53
1010 460 1169 498 Iuniani
1205 459 1321 510 ideo,
1369 461 1466 511 quia
1502 472 1578 511 per

148 519 285 571 legem
317 520 474 557 Iuniam
507 518 739 557 libertatem
771 522 1032 569 acceperunt,
1066 529 1159 556 cum
1191 515 1286 555 olim
1318 517 1430 555 serui
1460 516 1580 556 uide-

81 577 132 616 23
149 580 291 615 rentur
322 588 427 615 esse.
489 576 573 614 Non
611 580 747 613 tamen
786 575 866 613 illis
898 575 1096 626 permittit
1126 573 1196 613 lex
1227 574 1345 613 Iunia
1375 573 1446 613 uel
1477 574 1610 625 ipsis5

147 638 442 672 testamentum
474 633 630 681 facere,
673 631 738 671 uel
776 644 828 671 ex
858 636 1103 670 testamento
1135 631 1269 670 alieno
1302 643 1469 682 capere,
1508 630 1579 670 uel

82 691 132 730 24
151 695 304 729 tutores
335 694 580 730 testamento
605 689 707 727 dari.
751 688 871 735 Quod
894 694 1031 728 autem
1055 688 1237 727 diximus
1260 701 1312 728 ex
1332 692 1578 727 testamento

150 759 221 787 eos
262 760 410 799 capere
452 759 535 786 non
566 759 709 798 posse,
753 747 806 785 ita
843 746 1156 798 intellegemus,
1193 758 1246 785 ne
1284 745 1386 798 quid
1423 746 1578 784 directo

148 805 390 844 hereditatis
425 804 712 856 legatorumue
744 804 910 843 nomine
943 815 1013 842 eos
1045 815 1168 855 posse
1200 815 1350 854 capere
1373 802 1578 843 dicamus:

150 862 336 914 alioquin
366 874 443 913 per
473 861 843 900 fideicommissum
875 873 1025 912 capere
1056 866 1245 912 possunt.
1595 871 1633 898 4ο

82 919 134 958 25
263 919 310 957 Hi
342 930 455 970 uero,
501 919 572 971 qui
603 917 892 957 dediticiorum
931 930 1106 957 numero
1143 923 1260 969 sunt,
1300 917 1416 956 nullo
1457 916 1579 956 modo

149 989 203 1015 ex
239 980 485 1015 testamento
523 987 673 1027 capere
708 981 908 1026 possunt,
951 988 1033 1014 non
1074 976 1204 1028 magis
1245 987 1371 1027 quam
1403 973 1582 1027 quilibet

148 1035 408 1085 peregrinus,
442 1045 519 1073 nec
548 1033 626 1084 ipsi
657 1037 952 1072 testamentum
983 1033 1119 1072 facere
1151 1037 1326 1084 possunt
1348 1031 1580 1071 secundum

82 1090 190 1130 26id
223 1090 336 1143 quod
366 1091 495 1143 magis
527 1090 693 1142 placuit.
757 1091 936 1130 Pessima
967 1091 1107 1143 itaque
1139 1090 1310 1129 libertas
1343 1102 1487 1129 eorum
1519 1094 1583 1128 est

150 1149 222 1200 qui
253 1147 544 1187 dediticiorum
575 1160 749 1186 numero
782 1152 895 1197 sunt3
935 1160 1012 1187 nec
1051 1146 1133 1186 ulla
1164 1147 1257 1199 lege
1289 1152 1361 1185 aut
1390 1151 1580 1186 senatus·
1600 1155 1636 1184 15

150 1205 337 1245 consulto
374 1212 446 1244 aut
483 1206 770 1244 constitutione
812 1205 1029 1257 principali
1068 1205 1204 1244 aditus
1240 1204 1321 1243 illis
1354 1204 1408 1243 ad
1439 1205 1582 1243 ciuita-

83 1262 135 1302 27
148 1267 232 1301 tem
265 1263 486 1301 Romanam
519 1263 654 1302 datur.
717 1262 823 1309 Quin
856 1264 977 1301 etiam
1010 1264 1049 1301 in
1081 1262 1187 1301 urbe
1220 1263 1343 1300 Roma
1375 1261 1445 1301 uel
1476 1262 1581 1300 intra

150 1321 422 1359 centesimum
453 1319 570 1359 urbis
593 1321 744 1358 Romae
777 1319 998 1359 miliarium
1030 1321 1181 1358 morari
1213 1319 1510 1370 prohibentur;
1543 1324 1583 1358 et

150 1378 184 1415 si
230 1378 301 1428 qui
347 1381 488 1415 contra
519 1389 567 1416 ea
612 1377 802 1428 fecerint,
858 1378 937 1429 ipsi
982 1377 1176 1429 bonaque
1223 1388 1366 1415 eorum
1410 1376 1580 1428 publice

150 1435 294 1473 uenire
331 1434 529 1473 iubentur
566 1446 615 1473 ea
652 1434 914 1487 condicione,
954 1440 999 1473 ut
1036 1447 1089 1472 ne
1128 1435 1168 1472 in
1209 1434 1312 1473 urbe
1349 1435 1473 1472 Roma
1516 1433 1635 1472 uelzo

150 1492 254 1529 intra
300 1492 571 1530 centesimum
617 1491 735 1531 urbis
782 1493 931 1530 Romae
978 1492 1198 1530 miliarium
1244 1492 1428 1530 seruiant
1473 1503 1580 1530 neue

150 1561 348 1601 umquam
389 1550 750 1598 manumittantur,
799 1554 839 1588 et
881 1550 914 1588 si
963 1550 1205 1588 manumissi
1250 1549 1420 1600 fuerint,
1469 1548 1581 1588 serui

148 1659 241 1668 ww

241 1730 309 1771 §26
325 1732 359 1762 et
372 1732 413 1762 27
430 1730 548 1763 uerbis
565 1733 606 1762 46
622 1731 735 1763 aditus
750 1748 793 1753 —
810 1733 848 1763 48
862 1731 1087 1771 prohibentur
1101 1730 1328 1763 conf.1sidor.
1342 1731 1428 1771 orig.
1444 1733 1477 1769 9,
1489 1732 1580 1772 4,52.

154 1832 246 1842 Μ
1521 1831 1581 1841 *Ν

385 1832 639 1843 νννψΛΑΑΝννυ

151 1902 256 1934 heres
282 1902 402 1934 nullus
429 1902 603 1943 excludit;
636 1902 765 1942 (quodsi
788 1903 862 1942 quis
887 1911 907 1933 a
933 1903 1087 1934 ductibus
1111 1902 1305 1934 litterarum
1330 1903 1463 1943 longius
1487 1911 1582 1934 rece-

151 1950 228 1980 dere
251 1949 392 1990 audeat,
420 1949 476 1980 uet
501 1950 713 1980 testamento
738 1956 818 1979 cum
846 1947 1007 1980 libertate
1031 1949 1063 1980 ei
1087 1948 1267 1980 hereditas
1292 1948 1419 1980 relicta
1442 1948 1549 1988 fuerit
1573 1946 1580 1988 l

152 2003 268 2035 neque
300 1993 396 2026 ullus
427 1994 520 2026 alius
559 2002 601 2026 ex
634 2003 676 2025 eo
714 1995 927 2025 testamento
965 1994 1069 2026 heres
1100 1994 1230 2026 existat
1258 1994 1315 2026 uel
1348 1994 1473 2026 similia
1500 2002 1582 2033 pro-

148 2041 265 2079 ponat)
312 2039 421 2081 idque
460 2039 587 2072 eadem
624 2040 699 2080 lege
735 2040 833 2071 Aelia
869 2040 987 2071 Sentia
1029 2042 1174 2071 cautum
1218 2041 1280 2072 est.
1351 2039 1402 2071 De
1442 2040 1583 2079 reliquis

152 2094 238 2124 quae
274 2087 523 2117 interciderunt
559 2086 648 2125 conf.
686 2086 766 2117 Inst.
799 2089 833 2126 4,
862 2088 896 2125 6,
925 2089 940 2116 4
974 2088 1005 2117 et
1042 2087 1110 2126 ΠΡ.
1141 2089 1175 2126 4,
1204 2089 1245 2120 42
1276 2089 1366 2118 extr.
1393 2088 1450 2126 44;
1494 2086 1580 2125 conf.

153 2133 254 2162 etiam
273 2131 360 2171 Epil.
389 2135 417 2172 4,
445 2135 474 2172 4,
500 2133 520 2163 2
546 2135 576 2162 et
605 2131 670 2162 Gai
692 2132 725 2171 5,
753 2135 796 2162 56
821 2133 851 2162 et
875 2131 1072 2170 Theophilus
1093 2135 1122 2172 4,
1149 2135 1179 2172 5,
1205 2133 1239 2163 4.
1276 2131 1385 2171 Spatia*
1402 2134 1582 2172 angustiae

151 2177 330 2216 prohibere
354 2179 528 2217 uidentur,
554 2178 732 2216 quominus
756 2177 942 2208 secundum
966 2177 986 2216 ξ
1005 2179 1046 2208 17
1072 2180 1206 2209 statuas
1231 2180 1346 2210 aetum
1370 2186 1442 2209 esse
1465 2179 1501 2208 in
1515 2186 1582 2216 pa-

142 2224 226 2262 gina
251 2223 374 2254 codicis
403 2222 427 2254 C
451 2224 572 2262 quinta
597 2225 701 2254 etiam
726 2223 765 2253 de
788 2225 1056 2254 manumissione
1081 2224 1122 2254 ab
1149 2232 1186 2255 eo
1211 2223 1390 2264 facienda,
1416 2225 1513 2255 cuius
1538 2232 1583 2254 em

141 2270 218 2300 iure
247 2269 433 2308 Quiritium
456 2277 579 2299 seruus
604 2270 648 2300 sit
681 2268 778 2307 (conf.
811 2268 881 2307 le.
912 2271 942 2309 4,
971 2271 1102 2300 46——49
1134 2269 1332 2309 Theophilus
1359 2270 1380 2300 l.
1409 2269 1452 2308 c.)
1487 2272 1517 2300 et
1543 2270 1583 2300 de

141 2315 249 2346 modis
282 2315 592 2345 manumissionum
623 2314 720 2354 (conf.
761 2313 959 2353 Theophilus
989 2315 1012 2346 l.
1040 2314 1100 2355 c.);
1138 2323 1346 2356 quamquam
1371 2317 1402 2346 et
1425 2323 1481 2346 res
1506 2316 1582 2354 ipsa

139 2361 286 2400 flagitat,
313 2363 351 2392 ut
375 2360 639 2391 manumittendi
662 2360 778 2391 modos
805 2369 826 2391 a
847 2360 931 2391 Gaio
956 2362 1129 2400 expositos
1154 2369 1227 2393 esse
1251 2363 1456 2400 statuamus,
1483 2363 1514 2391 et
1538 2361 1582 2391 ad

143 2407 306 2437 eiusmodi
334 2407 580 2445 expositionem
608 2406 716 2437 Gaius
745 2409 774 2447 4,
803 2409 866 2440 426
890 2409 1041 2438 remittit.

235 2464 255 2494 2
278 2465 480 2503 proximum
505 2465 583 2494 ante
609 2462 773 2494 homines
798 2464 948 2501 spatium
974 2464 1057 2494 talia
1082 2466 1304 2504 occuparunt,
1331 2464 1448 2502 qualia
1465 2463 1582 2503 lequu-

142 2511 200 2540 tur
225 2510 318 2548 apud
346 2509 475 2540 Dosith.
502 2513 531 2547 5,
560 2512 594 2548 6;
629 2508 699 2547 le.
731 2512 759 2547 4,
788 2511 839 2547 40,
873 2511 912 2541 42
936 2508 950 2549 ΙΙ
975 2510 991 2539 4
1020 2509 1235 2540 uiderantur
1264 2509 1309 2541 C¹²
1330 2508 1343 2551 ΙΙ
1370 2513 1386 2539 5
1419 2512 1479 2540 aut
1511 2518 1580 2541 non

143 2557 203 2585 aut
237 2562 301 2585 nec
337 2554 382 2586 Cn
415 2554 428 2594 ΙΙ
461 2554 639 2596 permittit
667 2554 854 2595 Goeschen,
880 2555 1058 2594 promittit
1091 2553 1115 2586 C
1144 2554 1159 2595 n
1192 2558 1209 2586 7
1243 2558 1303 2586 aut
1334 2557 1491 2586 tutorem
1522 2559 1582 2587 aut

146 2601 281 2631 tutores
311 2599 367 2642 Cn,
393 2600 481 2640 conf.
515 2599 556 2632 Ca
580 2608 661 2639 paq.
682 2598 815 2640 298118
844 2599 994 2640 directo]
1021 2600 1200 2632 indirecto
1223 2600 1257 2642 C,
1284 2601 1369 2632 delet
1393 2601 1452 2632 hoc
1476 2609 1582 2632 uoca-

145 2646 262 2676 bulum
299 2649 337 2677 ut
375 2646 546 2686 glossema
587 2646 631 2676 ad
672 2645 831 2686 alioquin
871 2663 917 2668 —
956 2648 1106 2686 possunt
1149 2645 1248 2685 (uers.
1277 2646 1330 2686 ⁴0)
1371 2647 1583 2686 adscriptum

148 2691 333 2722 Mommsen
351 2691 365 2732 11
387 2694 423 2720 43
444 2690 524 2731 nec]
544 2692 627 2731 quia
648 2688 739 2722 nec?
769 2690 813 2722 0¹¹
832 2691 904 2731 1144
926 2691 1050 2732 magis]
1074 2692 1160 2730 Ἦ]
1184 2694 1239 2734 Cn,
1266 2693 1353 2732 quod
1380 2694 1493 2732 magis
1511 2701 1581 2724 non

144 2737 199 2767 uel
227 2738 338 2776 magis
367 2746 461 2768 nunc
491 2738 564 2768 Quia:
584 2737 762 2776 magistris
780 2737 923 2776 nostris)
942 2739 1135 2778 siqhificare
1155 2740 1289 2770 uidetur
1305 2738 1319 2779 ΙΙ
1345 2740 1384 2770 19
1403 2738 1488 2778 conf.
1512 2738 1581 2769 Cas,
