1918 3110
676 229 789 235 —
852 207 929 245 117
989 228 1101 234 —
1364 207 1604 245 111§69—72

108 331 159 370 70
176 336 249 370 est.
320 331 403 370 Sed
444 332 477 370 si
517 343 609 370 cum
642 330 785 369 liberis
826 331 911 369 suis
952 331 1073 368 etiam
1119 335 1363 369 extraneum
1409 331 1608 370 heredem

174 393 373 439 patronus
409 388 645 440 reliquerit,
682 387 847 426 Caelius
879 385 1059 426 Sabinus
1091 388 1146 425 ait
1176 392 1259 425 tota
1294 387 1403 425 bona
1439 400 1514 438 pro
1546 391 1609 427 ui-

174 445 323 484 rilibus
362 445 553 496 partibus
593 445 647 483 ad
686 444 840 482 liberos
881 443 1065 482 defuncti
1104 445 1335 495 pertinere,
1376 446 1471 495 quia
1513 457 1608 483 oum

174 508 396 541 extraneus
426 503 548 541 heres
580 502 815 550 interuenit,
847 512 929 538 non
960 499 1087 539 habet
1114 500 1182 539 lex
1206 501 1320 539 Iunia
1351 500 1501 551 locum,
1534 501 1609 540 sed

174 559 597 598 senatusconsultum.
650 556 871 596 Iauolenus
904 563 1042 595 autem
1064 558 1120 595 ait
1145 563 1304 596 tantum
1327 569 1417 596 eam
1449 565 1640 608 partem5

175 628 228 654 ex
267 616 625 655 senatusconsulto
666 614 821 653 liberos
868 615 1030 664 patroni
1070 626 1145 665 pro
1185 614 1379 653 uirilibus
1417 615 1607 666 partibus

173 672 389 712 habituros
422 684 525 722 esse,
560 683 684 723 quam
717 672 902 709 extranei
934 670 1113 710 heredes
1145 677 1239 710 ante
1271 671 1610 710 senatusconsul-

174 736 262 768 tum
300 730 392 781 lege
425 730 539 768 Iunia
576 728 757 767 habituri
796 732 950 777 essent,
994 728 1180 780 reliquas
1221 740 1320 767 uero
1357 733 1496 780 partes
1534 741 1609 780 pro

107 791 150 829 Ἡ
175 786 435 825 hereditariis
466 785 657 837 partibus
688 785 740 823 ad
774 797 843 823 eos
875 786 1097 836 pertinere.
1161 786 1261 823 Item
1294 787 1521 837 quaeritur,
1557 798 1610 824 an

176 845 251 882 hoc
284 842 691 883 senatusconsultum
722 841 776 880 ad
808 853 877 881 eos
909 843 1070 893 patroni
1102 842 1256 881 liberos
1288 843 1504 893 pertineat,
1538 843 1663 894 quito

175 913 226 939 ex
259 900 341 939 filia
372 905 551 951 nepteue
582 903 867 950 procreantur,
901 898 943 937 id
966 904 1029 937 est
1054 904 1100 938 ut
1130 911 1261 950 nepos
1292 911 1411 938 meus
1444 912 1496 938 ex
1527 900 1609 938 filia

173 959 308 1008 potior
339 959 391 996 sit
421 959 460 995 in
493 957 611 995 bonis
644 957 771 994 Latini
803 957 883 995 mei
915 968 1039 1007 quam
1071 961 1294 995 extraneus
1326 957 1461 995 heres.
1513 959 1610 995 item

176 1011 272 1066 (an)
305 1014 358 1053 ad
398 1019 605 1052 maternos
645 1014 806 1052 Latinos
844 1013 921 1051 hoc
959 1013 1366 1052 senatusconsultum
1406 1015 1612 1064 pertineat

176 1072 408 1122 quaeritur,
447 1071 489 1109 id
521 1076 584 1109 est
614 1076 660 1109 ut
689 1072 730 1108 in
761 1070 881 1109 bonis
914 1071 1042 1108 Latini
1079 1071 1254 1108 materni
1292 1071 1426 1121 potior
1458 1072 1509 1108 sit
1539 1083 1611 1121 pa-

174 1134 317 1167 tronae
348 1128 459 1166 filius
492 1140 617 1180 quam
653 1127 776 1166 heres
810 1132 1034 1165 extraneus
1071 1128 1224 1166 matris.
1287 1127 1426 1166 Cassio
1456 1127 1665 1179 placuit45

173 1190 353 1237 utroque
385 1197 485 1224 casu
516 1185 652 1223 locum
685 1196 778 1223 esse
819 1184 1192 1223 senatusconsulto.
1255 1184 1331 1223 sed
1361 1185 1484 1223 huius
1517 1196 1611 1224 sen—

172 1243 342 1281 tentiam
387 1241 578 1294 plerique
623 1241 865 1293 inprobant,
912 1243 1010 1293 quia
1056 1247 1223 1280 senatus
1264 1240 1316 1280 de
1356 1242 1419 1280 his
1465 1241 1611 1280 liberis

180 1298 473 1351 [patronarum]
505 1299 604 1337 nihil
636 1299 800 1347 sentiat,
836 1300 906 1350 qui
938 1297 1059 1336 aliam
1090 1298 1286 1337 familiam
1319 1304 1608 1350 sequerentur.

173 1356 303 1408 idque
331 1369 384 1395 ex
405 1369 452 1395 eo
484 1361 670 1407 apparet,
704 1354 817 1407 quod
848 1356 1087 1394 nominatim
1119 1354 1395 1394 exheredatos
1428 1368 1611 1394 summo-

173 1418 258 1462 uet3
295 1425 390 1452 nam
426 1412 595 1452 uidetur
627 1412 678 1452 de
709 1413 772 1451 his
811 1413 963 1451 sentire
996 1413 1066 1464 qui
1104 1412 1352 1451 exheredari
1384 1425 1404 1451 a
1437 1417 1609 1464 parente
1625 1421 1665 1450 20

175 1470 327 1522 solent,
374 1471 407 1509 si
448 1470 625 1509 heredes
672 1482 753 1509 non
800 1471 1085 1517 instituantur;
1134 1481 1269 1521 neque
1311 1475 1449 1508 autem
1492 1471 1610 1508 matri

176 1527 306 1565 silium
344 1527 545 1577 filiamue,
587 1539 725 1578 neque
763 1539 842 1565 auo
871 1526 885 1576 Η
918 1532 1105 1565 materno
1142 1532 1331 1577 nepotem
1372 1532 1785 1578 neptemue,pag.446

175 1586 208 1623 si
241 1597 336 1622 eum
369 1597 516 1623 eamue
552 1583 751 1622 heredem
783 1596 863 1622 non
901 1585 1103 1633 instituat,
1143 1583 1401 1622 exheredare
1437 1596 1610 1622 necesse

175 1646 256 1691 est,
297 1643 387 1681 siue
421 1640 472 1680 de
512 1642 602 1680 iure
640 1640 751 1680 ciuili
791 1653 1062 1693 quaeramus,
1106 1641 1195 1679 siue
1229 1640 1280 1679 de
1320 1641 1450 1679 edicto
1488 1653 1607 1692 prae-

174 1699 294 1749 toris,
331 1710 413 1750 quo
449 1699 682 1749 praeteritis
720 1696 863 1736 liberis
895 1703 1035 1736 contra
1071 1696 1235 1736 tabulas
1271 1699 1506 1736 testamenti
1536 1697 1611 1737 bo-
1624 1706 1664 1735 25

174 1767 324 1794 norum
354 1756 563 1806 possessio
595 1755 858 1806 promittitur.

108 1815 159 1854 72
289 1811 524 1865 Aliquando
555 1817 693 1850 tamen
725 1813 827 1850 ciuis
850 1813 1056 1850 Romanus
1089 1811 1266 1851 libertus
1298 1816 1509 1863 tamquam
1537 1813 1612 1850 La-

175 1871 284 1908 tinus
326 1871 516 1919 moritur,
556 1869 675 1908 uelut
705 1870 740 1907 si
771 1870 937 1908 Latinus
976 1868 1093 1907 saluo
1131 1870 1221 1907 iure
1257 1870 1419 1919 patroni
1451 1869 1503 1907 ab
1535 1871 1611 1907 im-

175 1931 365 1977 peratore
401 1928 466 1965 ius
504 1926 725 1972 Quiritium
765 1930 1014 1965 consecutus
1052 1926 1187 1964 fuerit.
1248 1938 1361 1976 nam,
1401 1931 1448 1965 ut
1485 1925 1609 1965 diuus

174 1983 375 2022 Traianus
407 1984 632 2032 constituit,
671 1984 704 2022 si
735 1984 902 2022 Latinus
932 1984 1061 2021 inuito
1092 1982 1163 2021 uel
1194 1983 1406 2034 ignorante
1437 1988 1609 2033 patrono
1624 1990 1664 2019 30

175 2041 239 2078 ius
271 2040 490 2086 Quiritium
528 2040 580 2079 ab
613 2041 862 2090 imperatore
901 2044 1148 2078 consecutus
1188 2040 1256 2090 sit,
1300 2038 1470 2091 [quibus
1507 2042 1612 2078 casi-

176 2094 271 2148 bus]
312 2096 411 2136 dum
450 2098 556 2136 uiuit
593 2098 669 2135 iste
712 2096 907 2146 libertus,
951 2098 1098 2135 ceteris
1137 2096 1301 2135 ciuibus
1333 2097 1523 2136 Romanis
1560 2096 1611 2135 li-

176 2153 304 2192 bertis
336 2154 480 2193 similis
512 2158 576 2192 est
607 2159 647 2192 et
677 2155 807 2192 iustos
838 2153 994 2193 liberos
1025 2158 1235 2204 procreat,
1266 2154 1440 2192 moritur
1471 2159 1609 2192 autem

175 2211 302 2249 Latini
335 2212 442 2261 iure,
481 2222 559 2249 neo
591 2211 628 2249 ei
658 2209 780 2249 liberi
812 2212 902 2249 eius
934 2209 1108 2249 heredes
1141 2222 1234 2249 esse
1265 2215 1460 2262 possunt3
1500 2215 1540 2249 et
1569 2213 1609 2249 in

318 2289 336 2297 ‘x
341 2289 418 2297 *xxxxv-

1446 2288 1498 2298 ψκκ
1503 2287 1611 2298 ww

269 2319 288 2358 ξ
315 2321 349 2349 ’Μ
384 2318 463 2349 inde
489 2317 534 2348 ab
560 2319 595 2347 21
631 2326 735 2356 neque
753 2331 793 2344 =
815 2318 896 2349 Inst.
917 2320 946 2352 2,
974 2320 1028 2357 43,
1054 2320 1083 2349 7.

556 2378 675 2386 ΜΝ

1553 2379 1613 2388 W

267 2412 280 2440 4
313 2411 367 2440 set
396 2409 582 2447 Goeschen‚
609 2409 640 2439 ei
669 2406 769 2450 0112
796 2408 937 2440 Caelius
966 2409 1152 2447 Goeschen,
1179 2406 1323 2450 sfelius‘?
1354 2410 1378 2441 C
1407 2408 1419 2448 ΙΙ
1451 2410 1467 2439 4
1495 2411 1611 2440 extra-

175 2463 264 2488 neus
293 2455 474 2494 Goeschen,
500 2455 688 2485 extraneos
718 2454 743 2486 C
765 2452 777 2495 ΙΙ
801 2454 904 2485 heres
933 2454 1114 2494 Goesclzen,
1142 2452 1332 2497 heresldes'
1359 2454 1427 2494 (sic)
1465 2454 1498 2495 C,
1524 2455 1611 2494 conf.

180 2502 223 2534 Ca
238 2510 318 2541 pay.
340 2501 439 2531 XXX
462 2503 530 2531 not.
546 2500 573 2538 s)
597 2498 609 2540 ΙΙ
634 2502 674 2530 43
701 2509 745 2531 an
771 2501 899 2531 addidit
928 2500 1099 2532 Goeschen
1123 2498 1135 2541 Η
1165 2503 1205 2531 48
1232 2503 1466 2541 patronarum
1497 2499 1535 2540 C3
1567 2509 1612 2532 ecc

174 2547 263 2586 falso
286 2548 489 2587 glossemate
513 2548 634 2576 natum
664 2547 801 2577 uidetur
825 2555 897 2576 esse
929 2545 940 2587 ΙΙ
973 2549 1013 2577 49
1048 2549 1258 2577 summouet
1291 2546 1479 2586 Goeschen‚
1512 2553 1611 2577 sum-

177 2592 321 2624 moheat
341 2591 381 2632 C3
410 2595 548 2622 seruato
566 2593 795 2622 summoueat
813 2593 1029 2623 coniunctiuo
1044 2594 1155 2631 possis
1180 2601 1256 2623 cum
1275 2592 1479 2623 Polenaario
1503 2600 1611 2630 supra

175 2647 265 2670 uers.
287 2641 327 2669 19
355 2639 528 2677 corrigere
553 2645 727 2677 apparere
750 2635 762 2678 ΙΙ
787 2638 828 2668 22
855 2639 1021 2678 nepotem
1049 2638 1141 2677 last„
1167 2638 1290 2677 nptem
1313 2637 1337 2668 C
1361 2635 1373 2678 Η
1396 2638 1435 2667 24
1465 2637 1507 2668 de
1532 2641 1612 2668 ante

176 2684 253 2716 iure
278 2692 385 2723 supra
409 2691 549 2714 uersum
573 2684 727 2714 additum
754 2681 780 2714 C
802 2681 814 2723 ΙΙ
837 2682 953 2714 edicto
982 2684 1077 2723 Inst.,
1103 2682 1264 2714 exedieto
1286 2682 1311 2714 C
1334 2681 1345 2724 ΙΙ
1372 2685 1410 2712 30
1439 2682 1610 2715 Traianus

179 2730 367 2769 Goeschen,
400 2729 561 2760 troianus
591 2728 615 2760 C
646 2727 657 2769 Ι]
690 2731 723 2758 31
756 2729 862 2759 uerba
894 2728 1025 2770 quibus
1058 2728 1203 2760 casibus
1234 2729 1356 2760 deleuit
1382 2729 1569 2760 Mommsen
1599 2727 1612 2768 ΙΙ

177 2777 216 2806 31.
244 2774 393 2806 heredes
420 2783 497 2806 esse
527 2774 706 2814 Goeschen,
733 2774 922 2805 het-edesse
951 2774 984 2806 C.
