1892 3095
283 183 504 222 usn-79
801 205 915 211 -
974 181 1026 221 58
1086 204 1198 211 ..—

284 307 396 360 quod
427 308 468 346 in
499 307 586 347 solo
617 313 756 347 nostro
788 307 839 347 ab
871 306 1009 359 aliquo
1037 305 1299 346 aedificatum
1321 311 1394 357 est,
1428 307 1618 359 quamuis
1639 306 1710 346 ille

284 377 358 404 suo
398 366 560 404 nomine
601 364 903 414 aedificauerit,
947 366 1035 403 iure
1074 362 1251 402 naturali
1288 367 1474 403 nostrum
1513 363 1575 416 fit,
1613 365 1710 416 quia

216 421 266 459 74
283 421 524 472 superficies
571 421 656 461 solo
702 420 819 459 cedil.
882 420 1091 472 Multoque
1137 421 1266 472 magis
1311 419 1354 459 id
1398 419 1544 459 accidit
1589 426 1629 460 et
1669 421 1710 458 in

282 478 435 530 planta,
470 490 594 530 quam
626 479 718 529 quis
749 479 789 516 in
821 477 907 516 solo
938 483 1078 516 nostro
1108 478 1308 528 posuerit,
1346 478 1380 516 si
1410 476 1532 516 modo
1562 477 1710 516 radici-

218 534 268 572 75
284 536 364 574 bus
394 541 547 574 terram
578 534 779 585 conplexa
811 534 944 573 fuerit.
994 533 1108 573 Idem
1139 535 1334 585 contingit
1365 534 1464 573 etin
1484 532 1742 584 frumento,5

217 592 268 629 76
285 592 398 644 quod
429 594 468 630 in
501 591 587 630 solo
618 596 758 630 nostro
790 590 842 630 ab
874 591 1012 643 aliquo
1044 596 1178 629 satum
1210 590 1345 629 fuerit.
1398 589 1481 630 Sed
1513 591 1546 629 si
1577 590 1629 629 ab
1661 603 1709 629 eo

284 655 474 700 petamus
515 648 686 686 fundum
728 647 798 686 uel
836 647 1069 686 aedificium
1110 653 1150 686 et
1180 649 1374 698 inpensas
1404 648 1446 685 in
1476 646 1711 686 aedificium

284 706 353 744 uel
386 708 424 743 in
457 706 674 744 seminaria
705 703 775 743 uel
805 705 845 742 in
873 710 1101 743 sementem
1124 704 1249 743 factas
1273 706 1309 743 ei
1331 703 1494 743 soluere
1515 703 1710 753 nolimus,

283 764 433 813 poterit
473 774 546 800 nos
577 773 654 812 per
685 762 969 812 exceptionem
1002 760 1085 800 doli
1115 761 1210 799 mali
1242 760 1468 812 repellere,
1500 762 1646 812 utique
1677 762 1710 799 si

216 817 268 856 77
285 820 416 858 bonae
449 818 545 857 fidei
575 829 792 869 possessor
822 818 957 856 fuerit.
1010 817 1163 856 Eadem
1195 819 1351 857 ratione
1383 817 1604 868 probatum
1636 822 1766 869 est,⁴0

285 875 397 927 quod
439 876 478 913 in
516 874 713 914 chartulis
755 875 843 913 siue
881 874 1133 913 membranis
1170 875 1272 913 meis
1304 874 1454 926 aliquis
1487 875 1710 925 scripserit,

284 933 379 971 licet
409 933 545 970 aureis
576 931 736 982 litteris,
768 943 908 970 meum
940 943 1043 982 esse,
1077 932 1174 983 quia
1205 930 1364 969 litterae
1396 930 1591 969 chartulis
1623 932 1711 969 siue

284 989 535 1027 membranis
577 988 739 1027 cedunt.
801 989 940 1040 itaque
982 989 1016 1027 si
1056 1000 1131 1040 ego
1169 1000 1238 1027 eos
1271 987 1395 1026 libros
1428 1000 1551 1027 easue
1583 999 1713 1026 mem-

282 1046 434 1084 branas
466 1050 604 1096 petam
636 1057 712 1084 nec
742 1046 957 1096 inpensam
989 1046 1216 1096 scripturae
1248 1044 1420 1095 soluam,
1453 1056 1530 1095 per
1561 1056 1712 1095 excep-

216 1102 268 1142 78
285 1104 437 1141 tionem
470 1102 554 1141 doli
585 1102 683 1140 mali
713 1103 967 1140 summoueri
997 1107 1152 1153 potero.
1205 1101 1279 1140 sed
1312 1103 1345 1140 si
1375 1103 1415 1140 in
1446 1100 1590 1140 tabula
1620 1108 1768 1139 mea⁴5

285 1159 435 1211 aliquis
466 1160 646 1210 pinxerit
676 1158 808 1198 ueluti
841 1159 1078 1210 imaginem,
1121 1163 1261 1196 contra
1292 1158 1515 1209 probatur3
1546 1156 1562 1208 Η
1583 1159 1712 1209 magis
1727 1170 1804 1204 pag.
1824 1163 1865 1194 72

286 1219 395 1255 enim
433 1216 581 1254 dicitur
619 1214 804 1254 tabulam
841 1217 1027 1266 picturae
1065 1214 1228 1254 cedere.
1299 1216 1417 1253 cuius
1460 1214 1712 1253 diuersitatis

285 1275 357 1312 uix
397 1273 545 1312 idonea
582 1274 683 1311 ratio
722 1271 931 1321 redditur,
972 1276 1085 1311 certe
1123 1271 1354 1310 secundum
1391 1272 1496 1310 hanc
1525 1269 1713 1322 regulam

285 1331 319 1369 si
361 1343 426 1368 me
463 1329 704 1381 possidente
744 1334 860 1380 petas
897 1330 1117 1381 imaginem
1148 1333 1261 1367 tuam
1303 1340 1416 1379 esse,
1459 1339 1536 1367 nec
1573 1327 1712 1366 soluas

284 1388 465 1439 pretium
502 1386 688 1436 tabulae,
731 1387 885 1437 poteris
921 1398 999 1437 per
1036 1386 1320 1436 exceptionem
1359 1384 1441 1424 doli
1471 1384 1569 1423 mali
1601 1396 1714 1423 sum·
1728 1391 1767 1419 20

285 1445 462 1492 moueri;
500 1449 540 1482 at
572 1444 604 1482 si
635 1448 681 1482 tu
711 1442 949 1494 possideas,
982 1454 1243 1494 consequens
1275 1446 1356 1493 est,
1395 1446 1442 1481 ut
1471 1441 1583 1480 utilis
1615 1441 1714 1479 mihi

285 1503 388 1540 actio
428 1500 655 1540 aduersum
691 1505 731 1539 te
764 1499 853 1539 dari
885 1499 1063 1547 debeat3
1108 1511 1189 1551 quo
1222 1510 1322 1537 casu
1352 1499 1430 1537 nisi
1462 1497 1621 1537 soluam
1652 1499 1714 1536 in-

284 1570 457 1609 pensam
504 1558 708 1608 picturae,
755 1558 910 1607 poteris
957 1569 1023 1595 me
1058 1568 1136 1607 per
1173 1556 1458 1606 exceptionem
1497 1554 1579 1593 doli
1617 1554 1715 1593 mali

285 1614 513 1664 repellere,
560 1616 706 1666 utique
744 1614 778 1652 si
818 1614 950 1653 bonae
987 1613 1085 1652 fidei
1129 1624 1348 1664 possessor
1390 1612 1531 1651 fueris.
1607 1611 1714 1650 illud

284 1671 420 1722 palam
459 1677 536 1720 est,
577 1670 690 1722 quod
730 1671 819 1709 siue
855 1675 901 1709 tu
938 1670 1200 1721 subripueris
1239 1668 1425 1708 tabulam
1465 1670 1554 1707 siue
1594 1667 1711 1718 alius,
1729 1676 1769 1705 25

287 1729 467 1779 conpetit
497 1728 595 1765 mihi
627 1728 724 1765 furti
756 1728 871 1767 actio.

217 1783 268 1824 79
401 1785 447 1823 Iu
492 1784 580 1823 aliis
627 1796 794 1836 quoque
833 1783 1052 1834 speciebus
1094 1783 1294 1822 naturalis
1334 1783 1435 1821 ratio
1474 1782 1712 1834 requiritur.

286 1841 455 1893 proinde
492 1842 526 1880 si
569 1853 621 1880 ex
658 1841 751 1879 uuis
790 1836 883 1894 <aut
913 1840 1031 1878 olz'uz's
1062 1845 1132 1878 auc
1162 1837 1302 1892 spicis>
1336 1840 1437 1878 meis
1468 1840 1612 1878 uinum
1644 1844 1716 1877 aut

287 1898 424 1937 oleum
456 1903 526 1937 aut
556 1898 809 1936 frumentum
843 1898 1008 1947 seceris,
1043 1898 1276 1948 quaeritur,
1315 1902 1454 1935 utrum
1494 1907 1632 1934 meum
1665 1896 1716 1934 sit

286 1955 329 1994 id
361 1956 504 1994 uinum
536 1960 606 1993 aut
636 1954 774 1993 oleum
807 1959 878 1993 aut
907 1954 1174 2003 frumentum,
1207 1965 1259 1992 an
1289 1958 1418 1991 tuum.
1471 1953 1568 1991 item
1599 1953 1632 1991 si
1663 1963 1716 1990 ex
1730 1960 1769 1988 30

287 2025 387 2051 auro
428 2017 499 2050 aut
534 2017 700 2064 argento
739 2024 830 2050 meo
861 2023 937 2050 uas
969 2010 1139 2062 aliquod
1170 2010 1337 2060 feceris,
1376 2008 1447 2048 uel
1479 2021 1532 2048 ex
1560 2008 1714 2047 tabulis

287 2102 321 2111 Λ

377 2137 455 2176 §78
482 2136 563 2167 inde
590 2135 634 2167 ab
662 2137 702 2166 49
728 2134 855 2166 sisere
882 2148 921 2161 =
950 2135 1032 2166 inst.
1060 2136 1091 2175 2,
1118 2136 1148 2175 4,
1176 2135 1229 2164 34.

379 2252 391 2280 4
422 2248 587 2290 quamuis
608 2247 789 2286 Goeschen,
819 2248 880 2288 qui
910 2246 944 2288 G,
970 2247 1057 2286 cons.
1086 2246 1128 2279 Ca
1149 2255 1230 2288 pay.
1257 2246 1390 2287 297113
1418 2247 1513 2278 cedit
1534 2246 1714 2287 Goeschen‚

288 2295 428 2326 ceditur
457 2293 482 2326 C
503 2295 517 2334 u
540 2296 558 2325 5
586 2293 763 2325 frumento
793 2292 978 2332 Goeschen,
1004 2296 1191 2333 promente
1221 2290 1301 2335 0¹1ss
1328 2295 1343 2322 7
1371 2291 1522 2324 fundum
1550 2291 1713 2331 Huschke,

287 2340 442 2372 fructum
466 2339 490 2372 C
505 2338 518 2381 ΙΙ
535 2339 591 2371 uel
609 2338 815 2371 aedificium
833 2339 1000 2378 ylossema
1018 2347 1090 2369 esse
1106 2339 1268 2377 opinatur
1285 2338 1471 2369 Mommsen
1485 2337 1498 2381 ΙΙ
1522 2339 1562 2368 43
1582 2337 1716 2368 cedunt

291 2386 471 2423 Goeschen,
499 2385 676 2416 ceduntur
705 2383 730 2415 C
752 2382 764 2425 ΙΙ
788 2383 900 2415 libros
930 2383 1114 2423 Goeschen,
1147 2383 1260 2414 librus
1290 2383 1315 2415 C
1337 2381 1350 2424 ΙΙ
1373 2391 1481 2414 easue
1507 2382 1713 2423 Lachmann,

288 2440 421 2471 easque
444 2430 468 2463 C
489 2428 502 2472 ΙΙ
528 2432 567 2462 ⁴5
594 2430 656 2462 sed
679 2429 859 2469 Goeoehen,
884 2429 962 2460 sedi
984 2428 1008 2460 C
1031 2425 1043 2471 ΙΙ
1069 2431 1108 2459 46
1136 2429 1354 2468 inmaginem
1376 2427 1401 2460 C
1423 2426 1435 2470 ΙΙ
1459 2429 1501 2459 22
1520 2427 1714 2459 aduersum

291 2476 324 2515 C,
352 2477 526 2508 aduersus
546 2476 627 2507 [nst.
655 2474 885 2515 (probabilius,
905 2473 992 2513 conf.
1018 2474 1060 2506 Ca
1073 2483 1153 2514 paq.
1171 2477 1239 2506 514
1263 2482 1353 2505 uers.
1371 2475 1428 2512 29)
1453 2471 1465 2516 ΙΙ
1490 2473 1567 2505 dari
1585 2472 1716 2504 debeat

291 2521 477 2563 Goeschen,
515 2521 593 2552 dari
620 2520 727 2552 debet
755 2518 789 2560 C,
815 2519 920 2551 detur
946 2519 1025 2551 Inst.
1049 2518 1062 2561 ΙΙ
1086 2520 1151 2550 nisi
1187 2519 1221 2559 C,
1247 2519 1276 2550 si
1303 2527 1373 2550 non
1399 2518 1478 2550 [nst.
1509 2516 1522 2560 ΙΙ
1553 2519 1593 2549 24
1622 2517 1715 2549 bona

289 2566 357 2598 fide
383 2567 477 2606 Insa,
504 2566 597 2598 bona
623 2565 694 2598 fide
718 2566 773 2597 uel
798 2565 914 2596 bonae
946 2564 1027 2596 fidei
1055 2564 1100 2596 Cn
1135 2562 1148 2606 [Ι
1184 2565 1263 2596 illut
1291 2562 1326 2605 0,
1358 2563 1445 2595 illud
1471 2565 1566 2595 enim
1596 2563 1677 2594 Inst.
1704 2560 1716 2603 ΙΙ

289 2614 330 2642 <25
349 2612 573 2653 subripueris
591 2612 772 2651 Polenaar,
797 2609 1022 2651 subripuisse
1053 2609 1077 2642 C
1099 2607 1112 2651 ΙΙ
1135 2611 1176 2641 28
1204 2609 1354 2650 proinde
1380 2608 1560 2649 Goeschen,
1585 2605 1715 2650 proin?

292 2656 336 2688 Cu
371 2656 382 2698 Η
417 2655 451 2699 ()
476 2666 520 2689 ea>
546 2658 621 2697 Diy.
649 2660 701 2697 41,
729 2660 757 2695 1,
783 2657 805 2688 7
829 2656 959 2687 addidit
985 2655 1156 2687 Goeschen
1185 2653 1197 2693 ΙΙ
1229 2657 1268 2686 30
1297 2656 1396 2685 tuum
1424 2653 1609 2693 Goeschen,
1639 2657 1714 2686 tum

292 2701 317 2734 C
339 2699 352 2745 u
377 2704 412 2733 31
443 2705 587 2741 argento
617 2702 796 2742 Gaea-hen,
822 2703 1031 2741 argumento
1061 2700 1094 2733 C.
