1918 3110
660 233 773 238 —
836 211 911 249 121
974 232 1088 238 -—
1352 211 1595 250 111§84—89

162 335 431 373 minutionem
477 334 698 385 liberetur,
745 340 881 373 tamen
920 335 961 372 in
1001 347 1096 373 eum
1144 345 1290 373 eamue
1336 335 1448 374 utilis
1495 337 1597 374 actio

164 392 288 431 datur
317 393 494 431 rescissa
521 390 534 445 ΙΙ
571 393 713 443 capitis
754 392 1054 439 deminutione;
1096 395 1137 429 et
1174 392 1207 429 si
1247 390 1454 431 aduersus
1494 393 1770 439 hancpag.⁴50

163 450 364 488 actionem
404 461 486 487 non
526 449 817 499 defendantur,
850 459 957 500 quae
995 447 1102 486 bona
1136 459 1279 487 eorum
1318 449 1459 487 futura
1497 449 1599 488 fuis-

164 511 272 556 sent,
315 507 348 545 si
380 518 423 545 se
456 506 587 544 alieno
618 507 698 544 iuri
727 517 810 543 non
849 504 1142 555 subiecissent,
1181 506 1379 544 uniuersa
1413 506 1598 545 uendere

164 562 440 602 creditoribus
472 568 639 614 praetor
668 562 877 613 permittit.

98 621 149 658 85
281 618 390 672 {Item
424 621 460 658 δι’
490 619 711 671 legitimam
741 618 1002 657 hereditatem
1032 617 1165 670 heres,
1204 624 1419 671 antequam
1449 616 1600 666 cerinat

164 682 236 716 aut
264 688 340 729 pro
371 676 528 715 herede
560 681 686 729 gerat,
719 675 785 714 alii
816 676 858 714 in
888 676 979 714 iure
1011 674 1143 727 cedat,
1176 675 1300 727 pleno
1331 677 1422 715 iure
1456 676 1499 715 fit
1529 676 1598 714 ille

163 735 300 784 heres,
333 735 397 773 cui
430 745 547 772 cessa
577 738 640 772 est
669 731 893 783 hereditas,
922 732 1093 783 proinde
1115 745 1162 771 ac
1183 734 1220 770 si
1250 734 1334 784 ipse
1359 745 1436 784 per
1462 733 1600 784 legem

164 791 217 830 ad
248 791 520 830 hereditatem
553 794 784 828 uocaretur.
848 789 998 841 quodsi
1037 794 1311 841 posteaquam
1342 790 1465 829 heres
1498 791 1601 829 exti-

163 849 270 898 terit,
304 848 487 897 cesserit,
519 847 656 885 adhuc
686 847 810 885 heres
841 852 980 885 manet
1001 851 1042 884 et
1062 846 1115 885 ob
1139 848 1178 885 id
1200 846 1477 886 creditoribus
1510 849 1599 898 ipse

164 904 392 953 tenebitur;
434 903 510 943 sed
540 915 607 943 res
640 903 875 955 corporales
907 903 1130 942 transferet
1165 903 1341 954 proinde
1373 917 1421 943 ac
1452 905 1486 943 si
1517 906 1601 943 sin-

165 962 285 1013 gulas
316 963 357 1000 in
388 963 478 1000 iure
510 962 721 1011 cessisset,
761 960 903 1000 debita
933 972 1033 999 uero
1070 966 1266 1012 pereunt,
1306 974 1440 1013 eoque
1477 961 1600 1000 modo

99 1019 150 1056 86
167 1019 378 1058 debitores
419 1018 659 1057 hereditarii
697 1018 862 1057 lucrum
902 1018 1068 1056 faciunt.
1140 1017 1256 1056 Idem
1295 1020 1397 1057 iuris
1440 1023 1519 1069 est,
1567 1019 1601 1056 si

164 1081 409 1114 testamento
449 1077 628 1126 scriptus
665 1075 806 1126 heres,
846 1080 1122 1126 posteaquam
1156 1075 1281 1114 heres
1320 1076 1519 1126 extiterit,
1560 1076 1602 1114 in

164 1134 256 1172 iure
296 1133 467 1171 cesserit
511 1132 801 1180 hereditatem3
849 1137 942 1170 ante
989 1131 1141 1170 aditam
1180 1144 1281 1171 uero
1327 1132 1600 1172 hereditatem

99 1187 353 1229 87cedendo
392 1188 491 1227 nihil
528 1190 621 1241 agit.
682 1190 791 1228 Suus
833 1194 972 1228 autem
1010 1194 1050 1227 et
1086 1190 1348 1228 necessarius
1389 1190 1511 1228 heres
1549 1201 1601 1227 an

165 1246 323 1299 aliquid
356 1251 479 1298 agant
508 1247 548 1284 in
580 1248 670 1285 iure
703 1246 909 1294 cedendo,
951 1247 1178 1298 quaeritur.
1242 1248 1371 1284 nostri
1401 1258 1602 1297 praecep-

165 1310 274 1342 tores
306 1303 407 1342 nihil
439 1315 509 1342 eos
542 1315 665 1355 agere
698 1304 949 1351 existimant3
990 1303 1182 1342 diuersae
1214 1303 1379 1342 scholae
1411 1308 1600 1342 auctores

166 1361 276 1400 idem
309 1372 378 1399 eos
411 1372 534 1412 agere
570 1365 734 1411 putant,
774 1360 885 1412 quod
919 1361 1044 1399 ceteri
1075 1366 1171 1411 post
1205 1360 1356 1399 aditam
1394 1360 1602 1400 heredita-

1613 572 1630 600 5

1617 855 1653 883 10

1619 1140 1654 1169 15

166 1423 267 1466 tem3
305 1417 406 1455 nihil
444 1418 552 1455 enim
589 1419 779 1468 interest,
816 1422 956 1457 utrum
995 1417 1146 1468 aliquis
1184 1417 1392 1456 cernendo
1425 1422 1496 1456 aut
1525 1429 1601 1468 pro
1616 1425 1656 1454 20

167 1474 323 1514 herede
360 1473 543 1525 gerendo
581 1475 703 1513 heres
742 1474 828 1525 fiat,
871 1486 922 1513 an
960 1475 1060 1512 iuris
1098 1476 1344 1513 necessitate
1382 1474 1601 1514 hereditati

167 1532 460 1583 adstringatur.

102 1647 153 1684 88
281 1643 417 1699 „Nunc
447 1650 705 1684 transeamus
736 1645 789 1684 ad
821 1645 1102 1697 obligationes.
1138 1657 1316 1697 quarum
1349 1657 1510 1683 summa
1542 1644 1604 1683 di-
1616 1658 1694 1692 pag.
1715 1652 1772 1682 454

170 1704 273 1743 uisio
304 1703 345 1741 in
378 1702 482 1741 duas
520 1704 681 1753 species
720 1702 948 1741 diducitur:
989 1703 1119 1741 omnis
1159 1703 1267 1741 enim
1305 1701 1500 1754 obligatio
1535 1701 1604 1743 uel

0 1772 1 1811 l
169 1772 223 1800 ex
252 1764 464 1799 contractu
493 1761 677 1798 nascitur
707 1759 777 1798 uel
809 1772 862 1798 ex
893 1758 1055 1798 delicto.

0 1818 1 1878 l
104 1821 154 1860 89
281 1817 331 1856 Et
367 1818 482 1868 prius
521 1816 741 1856 uideamus
775 1816 826 1855 de
858 1817 920 1855 his
952 1828 1061 1868 quae
1093 1828 1146 1855 ex
1177 1820 1389 1855 contractu
1426 1828 1606 1855 nascun-

168 1879 247 1912 tur.
299 1874 446 1912 harum
478 1879 616 1913 autem
649 1878 845 1926 quattuor
876 1885 1028 1925 genera
1060 1879 1172 1913 sunt:
1207 1878 1277 1913 aut
1309 1875 1417 1912 enim
1447 1884 1492 1912 re
1515 1885 1607 1912 con-

0 1885 3 1978 l
169 1931 345 1969 trahitur
375 1930 569 1982 obligatio
600 1937 671 1970 aut
701 1930 845 1970 uerbis
877 1935 949 1969 aut
979 1930 1125 1969 litteris
1158 1935 1229 1969 aut
1259 1942 1478 1969 consensu.

0 1990 4 2061 l

173 2019 306 2028 mxx-M

261 2066 301 2106 §g
328 2068 368 2097 88
396 2068 430 2097 et
456 2068 496 2097 89
523 2065 615 2097 conf.
643 2066 725 2096 lnst.
753 2067 781 2105 3,
810 2068 860 2096 43.

177 2145 232 2153 Nv-
237 2143 1427 2153 Mxxwwmwwwmxwmm

265 2192 282 2221 3
315 2189 556 2221 defendantur
593 2189 777 2229 Goeschen,
812 2188 1025 2222 defendatur
1063 2190 1087 2222 C
1118 2187 1130 2232 Η
1160 2192 1178 2221 5
1212 2191 1385 2231 permittit
1419 2190 1602 2228 Goeschen,

172 2236 390 2277 permittitur
418 2234 442 2266 C
464 2233 476 2276 ΙΙ
500 2237 518 2265 6
543 2236 657 2266 minus
681 2236 726 2266 ad
751 2237 898 2267 incertos
921 2237 1044 2267 codicis
1074 2235 1099 2268 C
1123 2238 1168 2276 (ln
1193 2244 1258 2275 quo
1281 2236 1492 2268 rubricatori
1514 2245 1605 2267 unus

172 2290 295 2313 uersus
330 2289 463 2312 uacuus
501 2281 639 2311 relictus
675 2281 734 2320 est)
771 2281 892 2312 ductus
927 2290 1030 2321 quam
1065 2282 1110 2313 ad
1149 2283 1397 2313 sententiarum
1436 2290 1605 2313 conexum

173 2329 366 2367 suppletum
395 2329 443 2357 est
473 2324 484 2368 [l
514 2325 554 2365 §§
581 2328 723 2357 85—87
752 2326 922 2358 Polenaar
953 2328 1078 2359 audaci
1109 2329 1307 2358 coniectura
1339 2328 1478 2367 expellit
1507 2328 1606 2366 quasi

173 2374 327 2412 spurias;
359 2380 440 2402 nam
469 2372 556 2410 quod
589 2371 785 2403 hereditatis
814 2373 850 2403 in
879 2373 955 2403 iure
985 2381 1100 2404 cessae
1133 2375 1258 2404 mentio
1282 2375 1317 2404 in
1341 2376 1373 2414 2,
1399 2375 1442 2404 98
1468 2381 1533 2403 ηοη
1554 2374 1604 2413 fit,

172 2420 206 2450 id
231 2427 268 2449 eo
290 2417 513 2457 probabiliter
537 2417 740 2457 eoeplicatur,
770 2418 858 2457 quod
886 2417 992 2449 Gaius
1017 2421 1098 2449 lunc
1121 2427 1177 2459 ea,
1203 2427 1288 2457 quae
1312 2420 1381 2449 iam
1409 2422 1442 2459 Ξ),
1467 2419 1604 2450 55-57

170 2465 306 2503 plenius
330 2464 553 2502 exposuisset,
578 2465 730 2501 repetere
752 2463 890 2494 uidetur
914 2464 1073 2504 noluisse,
1098 2464 1216 2495 deinde
1241 2465 1419 2494 consilium
1443 2466 1604 2495 mutasse.

174 2511 322 2540 eiusdem
360 2509 447 2538 modi
484 2509 699 2546 repetitiones
735 2511 854 2539 eaetant
890 2517 916 2540 e.
941 2518 972 2548 9.
998 2509 1037 2549 3,
1070 2512 1113 2540 56
1147 2510 1199 2547 (=
1230 2513 1255 2549 Ι,
1282 2510 1352 2549 22),
1383 2511 1416 2549 5,
1444 2512 1508 2540 165
1533 2517 1600 2548 seq.

174 2555 227 2594 (=
252 2558 289 2594 2,
320 2557 363 2585 86
387 2553 482 2593 seq.)‚
517 2556 553 2593 4,
587 2556 651 2584 406
676 2562 742 2592 seq.
777 2557 830 2589 (=
859 2557 892 2594 3,
926 2557 989 2586 180
1015 2555 1093 2594 seq.)
1123 2553 1135 2595 11
1165 2556 1182 2584 7
1216 2555 1347 2586 herede
1378 2563 1422 2585 ex
1453 2554 1604 2586 heredes

173 2602 363 2632 correctum
391 2598 416 2630 C
443 2596 455 2639 ΙΙ
487 2600 504 2629 8
530 2599 723 2638 suppletum
747 2599 830 2630 duce
858 2599 1050 2631 Goescheno
1073 2598 1086 2641 ΙΙ
1118 2602 1157 2630 lo
1187 2599 1222 2631 id
1250 2599 1436 2640 Goeschen,
1471 2600 1508 2631 id
1534 2609 1553 2631 a
1581 2598 1607 2632 C

174 2645 270 2684 (conf.
298 2648 328 2686 Ξ,
352 2646 407 2683 35)
440 2642 453 2685 ΙΙ
485 2645 519 2674 Μ
551 2642 719 2675 transfert
741 2646 874 2676 mauult
900 2646 1086 2676 Mommsen
1109 2643 1122 2687 n
1147 2647 1186 2675 46
1214 2653 1301 2676 suus
1330 2644 1509 2685 Goesclzen,
1542 2653 1603 2677 sus

177 2690 201 2722 C
223 2690 235 2733 Η
260 2692 299 2722 17
327 2691 433 2730 agant
459 2689 665 2725 Lachmann,
697 2693 776 2729 agat
807 2690 831 2722 C
853 2687 865 2731 ΙΙ
891 2693 931 2722 49
957 2691 1090 2722 aditam
1122 2690 1309 2730 Goeschen,
1342 2691 1513 2722 adilatam
1544 2691 1568 2724 C
1591 2689 1604 2733 ΙΙ

176 2738 215 2767 23
237 2737 405 2775 suppleuit
423 2735 592 2766 Goeschen
612 2743 656 2766 ex
674 2735 752 2766 Inse.
769 2733 782 2776 11
799 2737 929 2767 27-(28
950 2736 1176 2767 contrahitur
1192 2735 1373 2776 Goeschen,
1393 2736 1546 2769 trahitur
1567 2736 1602 2769 C.

1618 1767 1660 1797 25
