1892 3095
258 145 543 185 111§492--494
758 170 869 175 —-
932 148 1010 185 145
1070 170 1168 176 .-

257 272 458 322 praetoris
490 271 742 321 introducta3
774 272 844 311 lex
876 277 1013 311 aulem
1046 284 1093 311 eo
1124 274 1288 312 nomine
1319 273 1477 312 nullam
1508 287 1686 327 poenam

258 329 478 368 constituit.
520 329 598 368 hoc
620 329 754 368 solum
777 330 989 381 praecipit,
1023 333 1068 367 ut
1089 330 1160 381 qui
1183 342 1385 382 quaerere
1407 331 1520 383 uelit,
1543 331 1684 372 nudus

260 391 449 437 quaerat,
483 385 574 425 licio
607 388 778 437 cinctus,
811 386 971 425 lancem
1003 386 1180 436 habens3
1214 388 1285 439 qui
1317 388 1350 426 si
1382 388 1483 440 quid
1513 390 1685 428 inuene-

167 442 242 480 ⁴93
259 444 321 493 rit,
359 442 477 482 iubet
506 442 548 482 id
579 443 649 482 lex
679 444 835 482 furtum
866 443 1131 482 manifestum
1164 455 1265 483 esse.
1327 444 1435 491 Quid
1466 446 1518 484 sit
1547 452 1686 485 autem

258 499 412 547 licium,
453 502 687 552 quaesitum
720 506 793 539 est.
856 500 931 540 sed
962 502 1105 540 uerius
1137 505 1193 540 est
1224 502 1385 541 consuti
1416 515 1546 554 genus
1579 513 1718 553 esse,5

258 569 340 608 quo
385 558 645 596 necessariae
690 562 828 608 partes
872 562 1126 610 tegerentur.
1202 570 1309 610 quae
1354 571 1422 598 res
1469 557 1552 611 [lex
1589 557 1686 612 tota]

258 613 433 653 ridicula
472 619 544 653 est.
607 626 702 652 nam
742 616 812 666 qui
849 616 1046 654 uestitum
1085 627 1288 668 quaerere
1329 616 1538 667 prohibet,
1581 617 1614 656 is
1647 622 1688 655 et

257 670 417 710 nudum
449 683 653 722 quaerere
682 671 970 722 prohibiturus
1003 677 1076 723 est,
1109 685 1157 711 6ο
1189 673 1318 724 magis
1351 672 1462 725 quod
1484 674 1539 712 ita
1559 685 1687 726 quae-

259 729 333 765 sita
365 740 406 765 re
433 726 513 779 <al>
541 729 708 767 inuenta
731 729 874 767 maiori
897 741 1053 780 poenae
1086 730 1325 768 subiciatur.
1389 729 1541 769 deinde
1573 729 1686 782 quod

257 784 416 823 lancem
449 785 537 823 siue
569 784 663 824 ideo
694 785 841 824 haberi
871 785 1024 836 iubeat,
1057 792 1103 825 ut
1133 786 1326 825 manibus
1349 788 1558 838 occupatis
1585 787 1739 826 nihilio

257 841 446 892 subiciat,
479 843 567 880 siue
600 841 707 893 ideo,
739 847 786 881 ut
816 842 929 895 quod
960 844 1163 882 inuenerit
1195 843 1252 882 ibi
1279 845 1458 896 inponat,
1490 849 1686 884 neutrum

258 911 401 936 eorum
439 898 642 950 procedit,
683 900 715 938 si
752 899 792 938 id
831 899 945 952 quod
984 905 1219 951 quaeratur,
1259 902 1348 940 eius
1392 900 1686 953 magnitudinis

257 960 328 994 aut
357 960 530 994 naturae
562 957 632 1007 sit,
672 961 718 994 ut
753 968 891 1008 neque
931 956 1063 996 subici
1100 970 1238 1009 neque
1276 958 1337 997 ibi
1371 959 1509 1009 inponi
1541 959 1685 1010 possit.

257 1017 368 1051 certe
407 1025 488 1051 non
526 1012 759 1064 dubitatur,
802 1015 1103 1066 cuiuscumque
1149 1016 1344 1054 materiae
1390 1017 1443 1054 sit
1486 1027 1534 1054 ea
1574 1014 1685 1066 lanx,

166 1069 241 1107 494
258 1070 355 1108 satis
388 1068 469 1122 legi
502 1069 601 1109 fieri.
664 1071 835 1121 Propter
865 1071 942 1109 hoc
972 1075 1121 1122 tamen,
1156 1071 1268 1123 quod
1299 1071 1369 1110 lex
1399 1084 1452 1111 ex
1483 1084 1530 1111 ea
1561 1082 1742 1111 causam
1882 1070 1892 1097 ⁶

256 1126 520 1166 manifestum
552 1127 709 1166 furtum
750 1139 841 1167 esse
878 1127 1015 1179 iubet,
1061 1133 1158 1167 sunt
1194 1129 1266 1180 qui
1304 1128 1493 1168 scribunt
1529 1129 1685 1168 furtum

256 1184 520 1223 manifestum
551 1189 623 1223 aut
653 1184 745 1237 lege
777 1183 994 1237 <intelle9i>
1025 1190 1096 1224 aut
1132 1189 1300 1224 natura:
1338 1185 1432 1237 lege
1470 1185 1512 1225 id
1550 1187 1686 1238 ipsum

257 1241 309 1280 de
347 1253 429 1293 quo
465 1241 692 1294 loquimur,
734 1248 882 1281 natura
918 1241 1025 1281 illud
1063 1241 1114 1281 de
1152 1254 1234 1294 quo
1267 1243 1461 1294 superius
1493 1244 1687 1294 exposui-

256 1310 361 1337 mus.
424 1298 500 1337 sed
539 1299 682 1338 uerius
724 1303 787 1338 est
823 1304 972 1338 natura
1016 1303 1174 1338 tantum
1220 1299 1483 1339 manifestum
1529 1300 1685 1339 furtum
1879 1307 1892 1343 ἶ

255 1355 452 1407 intellegi.
509 1368 647 1408 neque
680 1357 788 1395 enim
820 1356 890 1395 lex
920 1356 1055 1395 facere
1085 1361 1232 1408 potest,
1265 1361 1311 1395 ut
1341 1358 1412 1409 qui
1443 1357 1686 1397 manifestus
1701 1367 1741 1395 20

257 1412 324 1450 fur
354 1425 437 1451 non
468 1414 534 1464 sit,
576 1413 820 1453 manifestus
852 1415 924 1464 sit,
962 1426 1043 1452 non
1083 1414 1212 1465 magis
1250 1426 1373 1466 quam
1412 1415 1484 1466 qui
1523 1416 1686 1453 omnino

258 1470 324 1508 sur
354 1482 435 1509 non
467 1471 531 1521 sit,
563 1470 631 1509 fur
662 1471 729 1521 sit,
769 1477 810 1510 et
845 1472 916 1523 qui
953 1470 1119 1510 adulter
1156 1475 1225 1509 aut
1260 1470 1463 1510 homicida
1498 1483 1581 1510 non
1622 1473 1685 1524 sit,

257 1526 422 1566 adulter
451 1527 521 1567 uel
544 1526 558 1580 Η
581 1527 785 1567 homicida
816 1529 878 1567 sit.
940 1533 981 1566 at
1010 1527 1115 1568 illud
1147 1540 1246 1567 sane
1276 1528 1347 1567 lex
1373 1528 1510 1568 facere
1537 1533 1685 1581 potest,
1699 1545 1776 1578 pag
1797 1539 1859 1569 479

256 1589 302 1622 ut
331 1585 506 1635 proinde
538 1585 688 1637 aliquis
720 1597 853 1636 poena
884 1590 1089 1636 teneatur,
1122 1590 1244 1637 atque
1275 1586 1308 1624 si
1336 1585 1492 1625 furtum
1520 1585 1590 1625 uel
1613 1585 1686 1625 ad-

256 1641 453 1680 ulterium
484 1642 555 1681 uel
585 1642 851 1681 homicidium
889 1642 1144 1693 admisisset,
1187 1643 1378 1695 quamuis
1410 1642 1512 1682 nihil
1542 1655 1685 1682 eorum
1700 1653 1740 1682 25

257 1698 480 1738 admiserit.

1879 1273 1892 1306 ⁸—

261 1821 361 1832 ,Λκννυ
364 1822 755 1832 mmmmm

930 1823 1218 1831 masam
1221 1823 1391 1832 nNm

347 1905 358 1933 4
407 1902 614 1935 introducta
658 1903 845 1944 Goeschen,
888 1903 1118 1935 inutroducta
1165 1902 1190 1935 C
1235 1901 1247 1945 ΙΙ
1295 1904 1460 1946 poenam]
1507 1905 1593 1945 conf.
1644 1905 1686 1938 Ca

251 1958 332 1989 pasl.
358 1950 423 1982 279
463 1948 523 1988 inf.
563 1946 576 1990 ΙῙ
616 1950 634 1979 2
671 1949 849 1990 praecipit
880 1949 1094 1988 Lachmann,
1137 1950 1322 1991 praecepit
1358 1948 1383 1982 C
1420 1948 1432 1991 ΙΙ
1473 1952 1490 1981 3
1530 1951 1614 1982 licio
1645 1950 1684 1982 Α.

254 2004 322 2026 van
361 1995 421 2025 det·
462 1994 606 2033 Hoeven,
651 1993 760 2026 linteo
801 2003 845 2026 ea:
892 1994 1020 2026 linteos
1061 1997 1251 2026 correctum
1294 1994 1319 2027 C
1362 1993 1375 2037 ΙΙ
1421 1997 1438 2027 4
1480 2004 1557 2028 esse
1601 1996 1685 2028 Goe-

254 2041 366 2079 schen‚
417 2043 511 2071 esset
555 2039 579 2072 C
626 2038 637 2082 ΙΙ
686 2042 704 2072 5
746 2039 871 2072 licium
910 2049 979 2071 van
1019 2041 1080 2072 der
1119 2041 1268 2080 Hoeven,
1310 2041 1458 2073 linteum
1503 2040 1528 2073 C
1572 2039 1585 2083 ΙΙ
1630 2046 1684 2073 set

254 2085 377 2117 uerius
409 2088 463 2117 est
496 2085 681 2125 Goeschen,
719 2088 773 2117 set
808 2086 1034 2117 ueriusseam
1075 2087 1134 2124 (ita
1163 2089 1202 2118 ut
1238 2088 1341 2118 tertia
1371 2095 1387 2117 s
1417 2087 1532 2118 littera
1562 2088 1685 2119 lineola

254 2132 393 2162 inducta
438 2132 492 2169 sit)
542 2130 582 2172 C;
631 2132 698 2162 nisi
743 2134 821 2163 ante
867 2131 926 2162 sed
975 2131 1098 2163 uerius
1145 2133 1200 2163 est
1241 2133 1388 2163 aliorum
1427 2133 1683 2164 iurisconsulto-

254 2185 332 2207 rum
385 2178 552 2208 sententia
605 2177 804 2216 discrepans
856 2178 1045 2215 intercidit,
1095 2179 1207 2216 possis
1268 2186 1294 2209 e.
1343 2187 1375 2219 9
1425 2179 1508 2210 talia
1555 2187 1684 2218 quoque

255 2225 433 2261 temptare·
488 2222 553 2254 sed
608 2221 753 2253 Verrius
805 2223 853 2253 ait
897 2224 911 2262 11
958 2225 975 2253 6
1025 2231 1116 2264 quac
1171 2232 1227 2255 ies
1276 2223 1330 2254 lex
1380 2224 1450 2254 tota
1503 2222 1543 2264 C,
1591 2233 1683 2264 quae

257 2276 311 2299 ι65
354 2268 540 2308 Polenaam
587 2276 698 2308 quare
740 2268 795 2299 lex
836 2269 909 2299 tota
952 2268 1121 2300 Goeschen
1167 2265 1180 2310 11
1227 2271 1245 2300 8
1289 2268 1455 2309 prohibet
1498 2269 1680 2308 Goesehen,

256 2313 417 2353 perhibet
467 2312 511 2345 C¹¹
565 2309 576 2356 ΙΙ
631 2315 649 2345 8
697 2313 942 2354 prohibiturus
991 2314 1140 2353 Sander,
1183 2315 1383 2354 prohibitus
1433 2313 1459 2346 G
1509 2312 1522 2356 ΙΙ
1575 2317 1592 2345 9
1645 2323 1681 2345 re

255 2368 321 2389 van
370 2360 430 2390 der
480 2359 620 2399 Hoeven,
670 2368 727 2390 res
771 2358 796 2390 C
842 2357 855 2400 ΙΙ
902 2361 936 2390 et
983 2360 1112 2390 addidit
1154 2359 1308 2392 Huschke
1354 2358 1366 2401 ΙΙ
1415 2362 1453 2391 10
1497 2361 1681 2401 occupatis

263 2406 464 2445 lmanqevow,
507 2405 715 2445 occupantis
759 2402 833 2445 CH
873 2406 908 2435 Μ
957 2405 1135 2436 inuenerit
1178 2405 1362 2446 Goesclien,
1404 2405 1564 2437 inueneri
1607 2403 1633 2438 G
1670 2403 1684 2448 ΙΙ

260 2452 297 2480 12
345 2450 441 2490 quod
489 2453 683 2490 quaeratur·
733 2450 917 2489 Goesehen,
972 2450 1169 2490 quodratur
1220 2451 1265 2483 C¹¹
1311 2449 1324 2492 ΙΙ
1370 2453 1410 2482 43
1462 2451 1512 2483 ibi
1559 2450 1680 2492 inponi

260 2496 438 2536 (1¹,0c’schen
481 2495 641 2536 ibinponi
687 2495 712 2527 C
756 2495 769 2538 ΙΙ
817 2497 856 2526 47
900 2495 1053 2535 intellegi
1095 2497 1154 2527 hoe
1195 2497 1265 2528 loco
1305 2498 1433 2528 addidit
1474 2496 1627 2527 Huschke
1666 2495 1681 2536 ΙΙ

256 2541 401 2571 alterum
441 2541 515 2581 lege
555 2551 600 2573 ea:
640 2542 713 2574 lese
752 2544 940 2573 correctum
983 2540 1008 2572 C
1045 2539 1057 2583 Η
1097 2543 1132 2572 24
1180 2551 1251 2573 non
1293 2543 1339 2573 sit
1382 2542 1567 2581 mescher»,
1610 2550 1679 2573 non

257 2587 283 2616 si
314 2585 338 2616 C
376 2583 388 2628 ΙΙ
427 2588 468 2616 22
510 2587 652 2618 adulter
691 2588 754 2618 aut
797 2586 978 2625 Goesslien,
1018 2587 1177 2618 adultera
1214 2587 1239 2619 C
1277 2584 1289 2630 ΙΙ
1328 2589 1368 2618 24
1405 2589 1565 2618 teneatur
1593 2586 1680 2618 Goe-

256 2632 370 2671 schen,
405 2634 519 2662 teneat
553 2631 579 2664 C
615 2630 628 2674 ΙΙ
666 2636 772 2673 alque
810 2632 996 2669 Goesclien,
1031 2635 1136 2673 atqua
1173 2632 1197 2664 C
1236 2630 1248 2674 ll
1288 2635 1328 2664 25
1361 2633 1566 2664 admisisset
1593 2632 1679 2664 Goe-

257 2677 366 2715 scheri,
393 2677 564 2708 adinissct
593 2677 627 2709 C.
