1918 3110
722 168 806 172 —-
865 144 918 183 69
978 166 1088 172 —-—
1349 145 1618 183 Ι1ἓ424-424

188 269 468 308 masculorum
499 273 745 308 testamenta
774 270 982 320 pertinere
1015 273 1175 306 certum
1197 273 1278 315 est;
1309 269 1405 306 item
1427 269 1480 307 ad
1502 269 1620 308 femi-

188 338 353 376 narum,
395 338 503 377 quae
540 325 633 364 ideo
672 338 752 364 non
797 325 952 364 utiliter
992 329 1164 363 testatae
1202 330 1315 375 sunt,
1355 327 1456 376 quia
1497 326 1618 365 uerbi

189 384 316 434 gratia
361 382 556 421 familiam
593 395 674 420 non
714 381 982 421 uendiderint
1018 387 1088 420 aut
1128 383 1445 432 nuncupationis
1486 383 1619 421 uerba

188 440 350 478 locutae
390 452 471 478 non
517 441 617 488 sint3
647 439 661 490 Η
694 451 745 477 an
784 443 922 477 autem
960 443 1000 477 et
1036 438 1089 477 ad
1134 450 1183 477 ea
1219 444 1465 477 testamenta
1501 439 1770 488 femi-pag.84

187 508 355 547 narum,
399 508 506 548 quae
538 498 626 535 sine
657 496 803 534 tutoris
836 497 1075 533 auctoritate
1108 496 1299 545 fecerint,
1338 496 1440 534 haec
1470 498 1651 536 consti-5

96 551 288 592 wemno
319 555 537 605 pertineat,
568 552 820 592 uidebimus.
870 553 1094 604 Loquimur
1125 557 1263 591 autem
1295 552 1347 591 de
1379 553 1441 591 his
1464 552 1620 591 scilicet

187 611 369 661 feminis,
416 622 523 662 quae
562 621 640 648 non
679 611 720 647 in
759 609 942 660 legitima
979 614 1200 660 parentum
1243 614 1313 648 aut
1349 615 1619 660 patronorum

186 668 315 706 tutela
362 673 473 716 sunt,
526 666 601 705 sed
646 664 712 719 [de
759 664 836 718 his]
883 678 990 717 quae
1034 666 1203 704 alterius
1252 668 1415 718 generis
1460 671 1618 705 tutores

186 725 358 775 habent,
400 726 471 776 qui
510 725 630 762 etiam
669 724 785 761 inuiti
825 728 1031 775 coguntur
1061 728 1251 762 auctores
1284 724 1392 772 fieri;
1434 723 1617 775 alioquin

184 786 400 832 parentem
433 785 473 820 et
501 785 719 831 patronum
751 781 838 818 sine
870 782 1112 819 auctoritate
1134 781 1222 819 eius
1246 781 1350 819 facto
1371 785 1618 819 testamento
1635 789 1673 818 4ο

186 850 266 876 non
299 839 552 876 summoueri
583 837 720 888 palam
753 842 826 875 est.

92 895 169 934 423
301 896 401 933 Item
440 895 511 946 qui
549 894 679 932 filium
718 895 757 932 in
796 898 998 945 potestate
1029 894 1173 945 habet,
1207 905 1352 933 curare
1393 894 1535 945 debet,
1574 900 1620 933 ut

187 963 283 991 eum
314 951 385 990 uel
415 950 615 989 heredem
647 952 833 990 instituat
863 950 934 989 uel
964 952 1204 989 nominatim
1237 951 1487 1001 exheredet3
1520 951 1619 990 alio-

186 1010 286 1060 quin
318 1009 351 1047 si
383 1020 479 1047 eum
511 1007 670 1047 silentio
701 1009 972 1059 praeterierit⁷
1013 1007 1212 1047 inutiliter
1242 1008 1475 1056 testabitur,
1514 1008 1618 1047 adeo

186 1065 373 1117 quidem,
422 1070 469 1104 ut
511 1066 640 1104 nostri
681 1070 975 1116 praeceptores
1016 1066 1273 1115 existiment,
1323 1067 1481 1104 etiamsi
1519 1067 1674 1104 uiu0⁴5

184 1128 301 1174 patre
343 1122 453 1161 filius
494 1121 716 1161 defunctus
754 1123 824 1173 sit,
861 1124 1070 1161 neminem
1102 1122 1299 1161 heredem
1332 1135 1384 1161 ex
1415 1135 1463 1161 eo
1494 1127 1620 1161 testa-

186 1185 322 1218 mento
370 1180 548 1218 existere
596 1191 740 1230 posse,
790 1180 891 1231 quia
931 1179 1084 1218 scilicet
1122 1181 1259 1218 statim
1296 1178 1347 1217 ab
1385 1180 1497 1218 initio
1537 1192 1618 1218 non

186 1237 413 1275 constiterit
443 1237 654 1275 institutio.
718 1235 791 1275 sed
826 1235 1019 1275 diuersae
1051 1236 1215 1275 scholae
1248 1241 1451 1286 auctores,
1491 1237 1619 1288 siqui-

187 1293 282 1332 dem
321 1293 428 1332 filias
471 1295 613 1332 mortis
650 1294 779 1344 patris
817 1299 1005 1345 tempore
1037 1294 1174 1344 uiuat,
1207 1305 1305 1332 sane
1336 1293 1618 1344 inpedimento

187 1363 282 1389 eum
314 1363 406 1390 esse
439 1351 601 1401 scriptis
631 1350 860 1389 heredibus
894 1356 933 1389 et
964 1350 1082 1389 illum
1114 1350 1166 1389 ab
1198 1352 1388 1389 intestato
1420 1350 1619 1389 heredem
1633 1358 1673 1387 20

187 1408 275 1446 fieri
316 1407 586 1456 confitentur3
632 1408 665 1446 si
714 1420 814 1446 uero
854 1412 947 1446 ante
984 1413 1157 1446 mortem
1198 1409 1325 1458 patris
1364 1409 1619 1458 interceptus

187 1466 258 1514 sit,
304 1476 428 1515 posse
471 1477 523 1503 ex
565 1470 810 1503 testamento
849 1464 1124 1504 hereditatem
1161 1464 1266 1503 adiri
1296 1469 1462 1516 putant,
1502 1464 1619 1502 nullo

186 1522 265 1559 iam
297 1521 380 1560 filio
412 1521 712 1572 inpedimento;
746 1523 842 1573 quia
875 1521 1031 1560 scilicet
1062 1523 1298 1560 existimant
1330 1518 1449 1574 (non)
1483 1523 1619 1560 statim

92 1578 169 1617 424
185 1577 237 1617 ab
269 1578 381 1617 initio
413 1578 614 1617 inutiliter
636 1578 724 1617 fieri
744 1583 1037 1618 testamentum
1059 1578 1142 1616 filio
1163 1579 1400 1630 praeterito.
1453 1578 1619 1618 Ceteras

184 1647 286 1674 uero
319 1635 550 1674 liberorum
582 1647 782 1686 personas
806 1637 839 1675 si
860 1636 1123 1687 praeterierit
1142 1640 1325 1686 testator,
1360 1635 1474 1674 ualet
1494 1640 1621 1674 testa-
1634 1643 1674 1672 25

184 1697 381 1743 mentum,
416 1690 524 1745 (secl)
556 1694 806 1744 praeteritae
838 1693 939 1732 istae
971 1704 1175 1744 personae
1204 1693 1366 1744 scriptis
1389 1691 1618 1732 heredibus

274 1816 294 1855 ἓ
321 1817 384 1847 423
426 1816 510 1848 inde
550 1815 594 1847 ab
638 1818 676 1847 42
718 1818 775 1856 qui
814 1825 930 1857 usque
960 1817 1005 1848 ad
1040 1819 1080 1848 48
1111 1819 1278 1848 institutio
1309 1816 1383 1848 fere
1410 1829 1452 1844 ---
1477 1817 1562 1848 Inst.
1589 1819 1619 1857 2,

186 1864 225 1891 43
252 1871 304 1903 pr.
331 1859 342 1904 ΙΙ
366 1862 412 1893 ad
437 1862 538 1902 §⁴24
565 1862 657 1894 conf.
685 1862 902 1903 Theophilus
928 1864 957 1902 2,
987 1865 1024 1893 43
1053 1871 1103 1902 pr.

324 1928 386 1938 ’xxxx
390 1928 453 1937 *xxx

814 1928 1101 1937 κκκκκκ-»πκΜκκ
1107 1928 1303 1937 χκννκαικακ

277 1977 294 2005 7
338 1984 408 2006 non
446 1975 631 2015 Goesehen‚
674 1984 695 2005 n
733 1974 774 2014 C;
817 1983 887 2005 non
926 1978 1005 2006 ante
1043 1977 1060 2005 6
1098 1975 1142 2006 de
1173 1975 1229 2006 his
1260 1975 1401 2007 collocat
1432 1975 1587 2006 Huschke
1610 1973 1623 2017 ΙΙ

185 2023 202 2051 7
230 2022 436 2062 parentium
466 2020 491 2052 C
530 2020 539 2059 i}
580 2022 598 2051 8
626 2022 710 2051 sunt
738 2020 919 2061 Goeschen,
946 2015 961 2052 s
989 2018 1022 2061 C,
1048 2020 1135 2060 conf.
1165 2020 1206 2051 Ca
1226 2029 1307 2061 paq.
1334 2023 1400 2053 501
1442 2018 1455 2064 Η
1495 2020 1539 2053 de
1564 2021 1620 2052 his

184 2069 222 2097 ut
245 2067 414 2106 glossema
439 2067 570 2105 empulit
593 2066 780 2098 Mommsen
805 2064 816 2105 ΙΙ
845 2068 980 2097 tutores
1009 2065 1189 2107 Goeschen,
1222 2069 1378 2097 tutorem
1408 2065 1433 2097 C
1455 2065 1467 2109 ΙΙ
1491 2069 1530 2097 40
1558 2075 1620 2107 pa-

186 2116 330 2143 tronum
352 2111 533 2150 Goeschen,
559 2113 792 2152 patronorum
815 2110 839 2143 C
861 2110 873 2153 ΙΙ
897 2113 938 2142 42
965 2111 1073 2142 debet
1098 2111 1190 2152 Insa,
1218 2111 1371 2143 debetur
1391 2111 1415 2143 C
1436 2110 1448 2154 ΙΙ
1470 2114 1509 2143 43
1537 2120 1620 2143 eum

186 2157 242 2188 uel
278 2155 318 2197 C,
351 2165 433 2188 eum
461 2157 544 2188 Inst.
575 2154 588 2198 Η
619 2158 833 2188 nominatim
865 2157 1058 2188 exheredet
1087 2157 1126 2197 C,
1159 2157 1377 2189 exheredem
1407 2158 1620 2189 nominatim

186 2202 295 2234 faciat
314 2202 406 2242 Inst„
433 2203 662 2242 nominatim,
694 2203 782 2241 quod
805 2205 920 2234 tuetur
940 2202 1095 2242 Epicoma
1121 2205 1162 2242 (Ξ,
1178 2205 1302 2243 ὄρη),
1335 2207 1508 2242 tamquam
1531 2204 1621 2243 =qlos-

184 2257 277 2280 sema
294 2250 467 2279 uetustum
480 2251 623 2287 propter
639 2248 734 2288 §427
751 2249 890 2287 empellit
909 2249 1095 2280 Mommsen
1111 2246 1123 2290 ΙΙ
1141 2250 1180 2279 45
1201 2249 1343 2280 etiamsi
1366 2249 1400 2289 C,
1425 2249 1491 2280 etsi
1510 2249 1590 2280 lnst.
1609 2246 1623 2291 ΙΙ

187 2295 228 2324 46
258 2293 353 2325 filius
385 2294 486 2333 inst„
529 2292 647 2325 filious
686 2292 724 2334 C,
766 2294 852 2333 conf.
896 2293 938 2325 Ca
972 2303 1052 2334 paq.
1081 2296 1146 2326 268
1177 2303 1267 2325 uers.
1291 2298 1335 2327 29
1374 2293 1386 2335 ΙΙ
1426 2294 1620 2325 defunctus

189 2339 224 2380 C,
262 2341 426 2370 mortuus
460 2339 539 2370 Inst.
580 2335 592 2381 ΙΙ
632 2341 671 2370 47
708 2340 791 2379 quia
829 2339 965 2371 scilicet
996 2340 1093 2380 Insa,
1131 2340 1225 2379 quod
1264 2340 1404 2371 scilicet
1439 2340 1522 2380 quia
1557 2337 1622 2380 011

186 2385 305 2416 statim
334 2383 367 2425 C,
394 2393 456 2415 om.
484 2384 564 2415 [nst.
605 2383 617 2426 ΙΙ
658 2387 698 2415 48
725 2385 900 2416 institutio
929 2385 967 2426 C,
1000 2387 1253 2416 testamentum
1282 2386 1363 2417 Inst.
1406 2383 1418 2426 ΙΙ
1460 2388 1498 2414 49
1525 2384 1620 2416 filius

189 2430 376 2470 Goeschen,
402 2430 450 2461 fili
480 2429 504 2461 C
533 2428 546 2471 ΙΙ
575 2431 616 2460 20
644 2429 743 2461 illum
773 2429 806 2471 C,
833 2439 939 2462 suum
967 2430 1121 2462 Huschke
1151 2429 1164 2473 Η
1194 2433 1234 2461 22
1268 2431 1501 2462 hereditatem
1533 2430 1620 2461 Goe-

185 2476 304 2517 schem,
337 2475 508 2507 heredem
544 2474 589 2506 Cn
628 2473 641 2517 ΙΙ
681 2477 720 2506 23
754 2475 823 2508 iam
858 2476 896 2516 C,
937 2478 969 2507 in
1002 2477 1058 2508 uel
1095 2477 1165 2507 iam
1197 2485 1216 2507 a
1241 2477 1376 2507 mauult
1401 2476 1616 2513 Lachmanm

186 2521 284 2553 nullo
327 2521 397 2552 iam
435 2520 508 2552 filio
546 2521 751 2561 inpediente
788 2522 976 2553 Mommsen
1013 2522 1027 2562 Η
1064 2523 1106 2552 23
1144 2522 1229 2561 quia
1265 2539 1310 2544 —
1346 2523 1388 2553 24
1426 2522 1620 2562 praeterito

186 2575 230 2597 ex
264 2566 468 2607 ylossemate
504 2567 549 2597 ad
583 2575 707 2597 uersus
735 2568 865 2599 47—18
907 2569 1000 2608 (quia
1026 2584 1071 2589 —
1097 2566 1286 2605 institutio)
1324 2568 1497 2606 adscripto
1536 2571 1620 2598 nata

186 2620 257 2643 esse
282 2614 478 2651 suspicatur
504 2612 690 2643 Mommsen
715 2610 728 2653 11
759 2614 800 2643 23
827 2621 896 2644 non
924 2614 1053 2644 addidit
1082 2611 1251 2644 Goeschen
1276 2611 1287 2655 ΙΙ
1312 2615 1353 2643 26
1380 2614 1443 2644 sed
1468 2613 1620 2644 additum

185 2657 269 2689 duce
297 2657 497 2689 Goescheno.
