1918 3110
637 249 748 254 -—
821 240 907 267 Lxlx
984 248 1097 254 '‘—

82 356 268 390 suerunt.
305 351 361 390 Eo
379 352 509 403 magis
531 352 682 390 mirum
708 355 782 401 est,
808 348 922 402 quod
945 361 1090 388 eorum
1109 360 1332 387 aureorum
1349 348 1446 388 libri
1464 354 1659 401 quattuor

81 409 330 459 posteriores
352 408 476 459 plane
499 412 769 447 evanuerunt.
804 407 888 445 Iam
911 418 1003 444 cum
1027 407 1067 444 in
1089 406 1226 444 indice
1250 410 1466 444 auctorum
1489 406 1558 444 illo
1581 406 1657 445 ad-

82 467 162 503 sint
182 463 498 503 ‘institutionum
523 463 655 518 βιβλία
676 457 874 517 τέσσαρα’,
893 476 974 501 non
997 462 1135 501 adsint
1155 474 1297 501 rerum
1319 462 1655 514 quotidianarum

80 521 186 572 libri,
220 521 469 561 crediderim]
490 521 656 560 labente
679 525 811 559 aetate
844 524 884 559 et
903 526 988 558 tres
1019 520 1168 558 harum
1199 519 1330 558 libros
1364 524 1404 558 et
1433 521 1658 558 institutio-

81 591 181 618 num
224 584 420 630 quattuor
468 577 729 617 circumlatos
773 589 865 616 esse
912 576 992 616 sub
1029 575 1146 615 titulo
1187 578 1394 615 communi
1431 588 1655 615 aureorum

82 641 259 686 septem,
303 635 526 674 substituta
564 635 601 673 in
643 635 705 673 his
737 635 967 673 recensioni
997 634 1201 685 genuinae
1233 632 1413 672 editione
1443 639 1655 684 tamquam

81 692 265 731 secunda
305 692 460 731 scilicet
495 690 886 743 Augustodunensi.
931 691 1227 730 Tribonianum
1273 695 1414 729 autem
1452 689 1656 729 eiusmodi

82 749 310 800 exemplari
340 761 464 788 usum
494 759 568 800 pro
592 760 667 787 sua
694 748 916 799 prudentia
937 752 1021 786 tres
1043 747 1175 787 libros
1205 748 1367 798 priores
1398 746 1654 797 adhibuisse,

82 811 280 857 quattuor
309 807 560 857 posteriores
592 817 694 856 prae
724 806 912 856 genuinis
944 809 1056 843 recte
1089 805 1312 855 sprev1sse.

196 863 279 901 Hoc
309 864 343 901 si
373 862 647 914 probabiliter
676 863 906 913 posuimus,
940 873 1201 913 consequens
1235 866 1298 900 est
1328 859 1655 900 Pseudo-Gaiani

81 920 217 967 operis
250 920 449 971 originem
479 932 561 958 non
581 919 860 958 revocandam
883 931 976 957 esse
998 918 1050 957 ad
1072 917 1315 957 Aeduorum
1337 919 1424 957 sive
1445 917 1655 969 Augusto—

82 976 332 1015 dunensium
365 975 502 1015 studia
538 975 728 1015 liberalia
764 981 897 1015 aetate
935 976 1200 1027 imperatoria
1238 976 1393 1026 passim
1431 974 1653 1025 celebrata,

82 1045 335 1085 quamquam
366 1033 468 1072 nihil
498 1032 686 1084 impedit,
721 1034 944 1085 quominus
975 1032 1109 1071 codex
1139 1032 1431 1083 Augustoduni
1462 1037 1653 1082 repertus

82 1092 260 1141 scriptus
301 1102 469 1142 quoque
513 1090 669 1129 ibidem
711 1091 763 1128 sit
791 1091 833 1128 in
864 1102 989 1128 usum
1021 1090 1296 1128 antecessoris
1328 1088 1547 1127 cuiusdam
1580 1101 1653 1128 ve-

80 1152 216 1186 tustae
248 1148 337 1186 eius
368 1147 616 1186 academiae.
680 1147 803 1199 Origo
835 1148 1066 1199 ignoratum
1105 1145 1180 1185 sed
1217 1151 1328 1185 recte
1373 1147 1656 1184 commentarii

82 1204 285 1243 eiusmodi
325 1206 441 1243 aurei
482 1205 734 1243 conveniunt
776 1203 953 1243 saeculis
991 1203 1235 1242 collabentis
1282 1204 1444 1254 imperii
1487 1204 1656 1241 Romani

82 1262 219 1300 aureis
252 1266 292 1300 et
320 1262 420 1313 ipsis
452 1261 671 1313 appellatis
702 1260 817 1312 apud
856 1261 1067 1313 aequales,
1107 1260 1220 1312 apud
1250 1265 1440 1311 posteros
1470 1261 1561 1299 iure
1592 1261 1656 1299 in-

83 1318 256 1357 famatis.
