1892 3095
271 137 569 176 111§403³—¹09
773 161 884 166 --
949 137 1025 176 126
1084 160 1197 165 ..--

165 263 376 300 ¹03³11em.
434 260 524 299 Alia
556 273 679 300 causa
712 268 773 300 est
805 261 1700 309 la*

269 340 359 345 ——
385 330 478 356 mm
510 316 707 357 sronmzs‘?
744 315 1498 369 l——————
1518 317 1697 357 solidum

271 373 415 413 deberi
448 379 489 413 et
523 388 588 414 me
623 373 628 428 Ι
665 375 797 414 solum
826 397 1698 403 ————-——-———-—-————

179 433 252 472 104
271 432 391 469 etiam
413 429 524 485 Titt'lo
545 454 896 470 ————.
961 433 1177 470 Praeterea
1208 430 1360 469 inutilis
1383 435 1446 470 est
1476 430 1696 482 stipulatio,

272 489 306 526 si
337 488 388 526 ab
422 485 481 541 elo
513 487 687 539 stipuler
719 489 789 540 qui
820 489 898 527 iuri
930 501 1020 527 meo
1052 488 1265 527 subiectus
1298 493 1377 536 est,
1418 489 1514 526 item
1547 488 1579 525 si
1610 488 1643 526 is
1675 499 1731 528 as

271 556 336 583 me
369 544 600 596 stipuletur.
655 542 763 597 <secl>
797 557 947 584 seruus
980 545 1150 597 quidem
1173 550 1213 583 et
1233 546 1303 596 qui
1335 546 1376 582 in
1407 544 1608 594 mancipio
1636 549 1699 582 est

273 606 313 640 et
338 601 421 651 filia
448 601 630 651 familias
663 606 703 639 et
729 613 837 652 quae
868 603 909 640 in
940 614 1065 641 manu
1087 607 1150 641 est
1179 613 1259 640 non
1291 601 1426 640 solum
1456 601 1548 650 ipsi,
1579 601 1697 638 cuius

271 659 350 697 iuri
388 658 563 696 subiecti
602 657 869 697 subiectaeue
910 664 1021 709 sunt,
1065 658 1240 710 obligari
1270 671 1351 696 non
1387 661 1580 708 possunt,
1623 655 1699 695 sed

179 715 257 753 405
272 727 323 753 ne
363 714 427 753 alii
468 714 636 766 quidem
675 713 758 753 ulli.
829 717 984 754 Mutum
1023 728 1160 767 neque
1201 714 1390 765 stipulari
1428 725 1565 765 neque
1604 724 1699 764 pro-

273 772 433 809 mittere
471 783 594 821 posse
632 770 769 822 palam
801 776 875 810 est.
935 771 1045 810 idem
1083 773 1204 810 etiam
1241 773 1281 810 in
1321 770 1448 810 surdo
1485 773 1754 820 receptumio

273 834 351 876 est3
393 829 488 879 quia
529 833 570 866 et
604 829 637 866 is
678 829 749 880 qui
789 827 1009 880 stipulatur
1045 828 1177 867 uerba
1217 828 1508 879 promittentis,
1550 832 1590 865 et
1629 827 1700 878 qui

180 886 254 922 406
272 886 469 935 promittit
504 884 636 923 uerba
675 884 908 936 stipulantis
946 884 1144 924 exaudire
1177 885 1313 924 debet.
1377 885 1570 923 Furiosus
1606 883 1701 922 nul-

272 941 359 980 lum
390 943 599 992 negotium
631 954 775 993 gerere
807 946 957 992 potest,
991 943 1088 993 quia
1119 954 1199 980 non
1231 941 1431 992 intellegit
1462 940 1563 992 quid
1594 944 1700 992 agat.

179 996 255 1035 407
273 997 460 1049 Pupillus
493 1010 612 1036 omne
647 1000 859 1050 negotium
895 1002 1007 1037 recte
1039 999 1162 1050 gerit,
1201 1004 1246 1037 ut
1276 1005 1432 1049 tamen,
1473 996 1606 1036 sicubi
1636 1000 1702 1034 tu-

272 1056 370 1093 toris
403 1056 621 1093 auctoritas
652 1057 887 1094 necessaria
919 1056 987 1105 sit,
1020 1055 1268 1094 adhibeatur
1299 1053 1466 1108 (tator),
1503 1053 1636 1092 ueluti
1667 1053 1755 1094 si15

272 1113 361 1163 ipse
394 1111 618 1163 obligetur3
658 1124 752 1151 nam
790 1111 915 1151 alium
953 1112 1031 1150 sibi
1062 1111 1245 1163 obligare
1277 1113 1397 1150 etiam
1430 1112 1518 1150 sine
1553 1110 1699 1148 tutoris

179 1167 256 1204 408
271 1170 511 1207 auctoritate
550 1173 696 1219 potest.
760 1168 875 1208 Idem
915 1169 1016 1208 iuris
1049 1174 1111 1207 est
1149 1170 1189 1207 in
1228 1169 1390 1207 feminis
1422 1179 1529 1219 quae
1565 1167 1606 1205 in
1636 1170 1703 1204 tu-

178 1224 254 1262 *109
272 1224 350 1264 tela
395 1230 502 1263 sunt.
569 1225 650 1264 Sed
689 1225 803 1277 quod
844 1226 1024 1264 diximus
1064 1225 1116 1264 de
1156 1225 1334 1276 pupillo,
1374 1226 1519 1275 utique
1561 1223 1613 1262 de
1652 1235 1700 1261 eo

272 1294 420 1321 uerum
452 1288 514 1320 est
544 1284 615 1333 qui
646 1284 725 1321 iam
756 1282 938 1334 aliquem
968 1281 1222 1322 intellectum
1253 1281 1390 1321 habet.
1440 1292 1535 1319 nam
1565 1279 1756 1319 insansw

273 1344 313 1377 et
344 1340 413 1390 qui
445 1339 588 1377 infanti
619 1340 831 1390 proximus
863 1344 926 1378 est
955 1351 1036 1378 non
1068 1338 1245 1378 multum
1276 1351 1298 1377 a
1329 1339 1484 1377 furioso
1507 1337 1522 1389 Η
1550 1336 1868 1387 difl·ert,pag.457

273 1397 368 1448 quia
400 1396 523 1434 huius
554 1397 698 1435 aetatis
728 1396 882 1448 pupilli
918 1396 1082 1436 nullum
1119 1395 1374 1435 intellectum
1409 1394 1582 1443 habent3
1625 1392 1701 1432 sed
1842 1394 1846 1399 '

272 1454 312 1491 in
343 1453 406 1491 his
444 1452 611 1504 pupillis
647 1458 815 1504 propter
845 1453 1062 1492 utilitatem
1101 1452 1320 1504 benignior
1355 1453 1457 1491 iuris
1497 1452 1702 1501 interpre-

271 1511 367 1548 tatio
399 1510 502 1548 facta
536 1514 609 1549 est.

363 1680 382 1719 ἓ
408 1682 470 1710 404
499 1679 569 1710 sere
596 1692 636 1706 =
665 1680 745 1710 lnst.
774 1681 804 1720 3,
831 1682 882 1719 49,
910 1681 927 1709 6
954 1678 968 1719 ΙΙ
993 1679 1012 1718 g
1040 1681 1101 1710 405
1128 1690 1170 1705 --
1197 1679 1280 1709 lnst.
1310 1679 1339 1718 3,
1365 1679 1418 1717 49,
1445 1679 1462 1708 7
1489 1675 1503 1717 ΙΙ
1527 1676 1546 1716 §
1574 1678 1698 1707 ⁴06=

271 1726 356 1757 lust.
383 1727 413 1766 3,
441 1727 492 1765 49,
519 1724 538 1756 8
567 1725 580 1764 ῃ
608 1725 627 1764 5
657 1726 716 1755 407
744 1724 1167 1765 =111st.3‚49,9u§
1197 1726 1257 1754 409
1285 1736 1325 1749 .--
1353 1723 1436 1753 lust.
1463 1724 1492 1762 3,
1520 1724 1573 1763 49,
1599 1723 1653 1752 4ο.

365 1885 451 1915 4-4
477 1883 622 1914 lacunas
647 1891 673 1914 e.
697 1891 729 1923 y.
755 1884 804 1914 ita
828 1884 873 1913 ad
896 1884 1099 1914 sententiam
1123 1882 1281 1921 supplere
1301 1882 1427 1920 possis:
1453 1880 1550 1912 Alia
1575 1888 1700 1912 eausa

275 1930 351 1966 est,
379 1929 406 1960 si
427 1929 473 1960 ita
500 1927 689 1967 stipulatus
715 1929 780 1959 sim
799 1936 872 1959 mnu
889 1936 950 1958 AVT
969 1936 1054 1959 Τιτιο
1071 1926 1208 1959 DARI
1225 1924 1497 1959 SPONDES‘?
1521 1934 1592 1967 quo
1611 1933 1700 1958 casu

274 1976 414 2006 constat
439 1973 526 2005 mihi
551 1972 731 2005 solidum
749 1972 891 2005 deberi
916 1973 958 2005 et
981 1981 1046 2004 me
1070 1972 1194 2004 solum
1213 1981 1255 2003 ex
1272 1980 1313 2003 ea
1339 1972 1569 2013 stipulatione
1594 1979 1700 2011 agere

274 2029 395 2061 posse,
429 2027 653 2060 quamquam
689 2019 812 2050 etiam
845 2018 953 2050 Titio
987 2018 1162 2049 soluendo
1195 2017 1370 2049 liberaris.
1428 2016 1581 2048 Huschke
1615 2015 1698 2056 (coll.

275 2066 353 2097 [nst.
377 2068 410 2106 3,
437 2067 489 2104 49,
516 2066 545 2102 4)
571 2064 718 2103 supplet:
744 2064 840 2096 Alia
864 2072 989 2096 eausa
1015 2064 1096 2101 est,
1123 2063 1153 2094 si
1177 2063 1290 2094 ueluti
1338 2062 1500 2094 SERVo
1526 2062 1583 2094 uel
1609 2069 1698 2093 mmo

274 2118 424 2142 FAmimAs
449 2118 517 2141 MEO
542 2118 580 2141 ετ
604 2118 677 2140 num
702 2108 837 2141 DARI
862 2108 1106 2142 SPONDES
1139 2108 1330 2150 stipulatus
1361 2109 1440 2140 sim.
1488 2110 1573 2139 tunc
1603 2106 1698 2138 enim

274 2158 415 2188 constat
437 2154 618 2187 solidum
635 2153 780 2187 deberi
798 2155 839 2186 et
862 2163 928 2186 me
952 2154 1115 2186 solidum
1141 2163 1160 2186 a
1186 2155 1406 2194 promissore
1430 2154 1551 2194 petere
1576 2160 1698 2194 posse:

273 2201 377 2241 quod
395 2201 520 2233 etiam
536 2198 595 2238 fit,
621 2209 701 2231 eum
722 2201 859 2231 tantum
877 2200 978 2232 uelut
995 2207 1082 2231 rimo
1101 2207 1255 2231 mainus
1279 2199 1438 2239 stipulor.
1456 2197 1472 2239 ΙΙ
1491 2200 1506 2229 4
1525 2199 1570 2230 ad
1588 2198 1700 2240 (prae-

274 2248 382 2286 ter)ea
413 2247 540 2277 ducunt
569 2246 692 2277 codicis
721 2244 745 2276 C
773 2245 952 2284 reliquiae,
986 2246 1071 2276 item
1103 2245 1183 2276 Insl.
1217 2244 1230 2284 ΙΙ
1265 2247 1282 2275 5
1311 2245 1395 2275 item
1424 2243 1461 2285 C,
1493 2244 1549 2275 uel
1583 2243 1662 2274 [nst.
1688 2239 1701 2283 ss

275 2296 292 2325 6
319 2291 381 2325 sed
408 2292 499 2332 hist„
524 2299 587 2322 om.
617 2289 642 2322 C
668 2288 681 2333 fl
709 2292 748 2321 40
780 2290 874 2322 idem
907 2292 1012 2322 etiam
1049 2290 1088 2331 C,
1121 2289 1215 2331 quod
1250 2292 1284 2321 et
1315 2290 1396 2321 Insa:
1429 2288 1443 2328 ΙΙ
1477 2291 1510 2320 44
1542 2289 1588 2328 (in
1617 2288 1697 2328 fine)

273 2339 332 2379 qui
363 2337 403 2378 C,
437 2338 466 2368 is
492 2336 552 2377 qui
581 2336 660 2367 Inst.
693 2335 707 2374 ΙΙ
740 2338 780 2366 42
808 2336 979 2368 exaudire
1006 2336 1047 2376 C,
1082 2336 1207 2367 audire
1233 2335 1314 2367 Inst.
1346 2335 1359 2375 ΙΙ
1392 2336 1431 2364 43
1458 2341 1581 2374 gerere
1606 2333 1698 2372 Inst„

274 2392 356 2423 gere
385 2381 410 2414 C
438 2381 453 2423 ΙΙ
485 2383 565 2421 agat
593 2380 627 2422 C,
652 2382 722 2421 agit
747 2380 826 2412 Inst.
859 2381 872 2420 ΙΙ
907 2383 946 2412 44
972 2383 1011 2412 ut
1037 2383 1154 2412 tamen
1182 2381 1273 2421 Jnst„
1297 2380 1346 2412 ita
1372 2382 1489 2411 tamen
1515 2380 1555 2411 ut
1579 2380 1697 2410 tamen

276 2428 330 2469 Gn
348 2431 387 2460 45
417 2429 511 2458 tutor
538 2427 629 2467 Inst„
655 2435 718 2458 om.
747 2425 859 2466 01148
885 2426 980 2464 quod
1008 2435 1071 2457 om.
1101 2425 1126 2458 C
1149 2429 1227 2457 ante
1251 2426 1516 2457 emendationem
1531 2423 1545 2463 ΙΙ
1562 2422 1698 2465 pupillo

277 2474 311 2515 C,
335 2473 481 2515 pupillis
500 2472 578 2503 Insl.
597 2471 611 2511 ΙΙ
630 2481 670 2503 eo
691 2471 723 2512 C,
743 2472 798 2503 his
817 2472 896 2502 Inst.
914 2472 928 2512 ΙΙ
952 2475 986 2502 49
1007 2471 1113 2503 habet
1134 2471 1168 2512 C,
1187 2471 1317 2502 habent
1336 2471 1415 2502 Inst.
1433 2470 1447 2510 ss
1465 2471 1505 2500 20
1524 2468 1644 2501 differt
1665 2467 1698 2510 C,

274 2520 408 2551 distant
421 2519 499 2550 lust.
517 2517 533 2558 11
551 2519 585 2548 24
606 2517 733 2559 pupilli
748 2517 839 2557 Inst„
857 2517 984 2557 pupill-
1004 2516 1038 2557 C,
1057 2517 1143 2556 cons.
1161 2516 1202 2548 Ca
1216 2524 1294 2557 pay.
1307 2517 1374 2550 275
1390 2524 1481 2547 uers.
1497 2518 1535 2546 Η
1554 2514 1568 2553 ΙΙ
1587 2516 1627 2545 22
1644 2515 1697 2544 his

275 2565 420 2605 pupillis
456 2562 493 2604 C,
528 2563 702 2603 proximis
733 2562 860 2594 infanti
894 2562 990 2603 lust„
1025 2562 1080 2593 his
1105 2562 1252 2603 pupillis
1284 2559 1357 2604 (qui
1383 2560 1511 2592 infanti
1543 2559 1698 2600 proximi

274 2608 366 2651 sunt)
406 2607 559 2640 Huschke
597 2607 612 2648 ΙΙ
651 2611 798 2650 propter
839 2608 934 2648 lust„
976 2616 1038 2648 per
1082 2606 1107 2639 C
1144 2608 1157 2647 ΙΙ
1198 2607 1385 2638 utilitatem
1428 2605 1467 2647 C,
1507 2605 1696 2638 utilitatem

274 2663 396 2686 eorum
426 2655 504 2685 Inst.
