<?xml version="1.0" encoding="UTF-8"?>
<!DOCTYPE html PUBLIC "-//W3C//DTD XHTML 1.0 Transitional//EN"
    "http://www.w3.org/TR/xhtml1/DTD/xhtml1-transitional.dtd">
<html xmlns="http://www.w3.org/1999/xhtml" xml:lang="en" lang="en">
 <head>
  <title>
</title>
<meta http-equiv="Content-Type" content="text/html;charset=utf-8" />
  <meta name='ocr-system' content='tesseract 3.04.00' />
  <meta name='ocr-capabilities' content='ocr_page ocr_carea ocr_par ocr_line ocrx_word'/>
</head>
<body>
  <div class='ocr_page' id='page_1' title='image "./collectiolibroru01krue_0224.png"; bbox 0 0 1892 3095; ppageno 0'>
   <div class='ocr_carea' id='block_1_1' title="bbox 249 160 1174 200">
    <p class='ocr_par' dir='ltr' id='par_1_1' title="bbox 249 160 1174 200">
     <span class='ocr_line' id='line_1_1' title="bbox 249 160 1174 200; baseline -0.002 -9"><span class='ocrx_word' id='word_1_1' title='bbox 249 160 531 199; x_wconf 52' lang='lat' dir='ltr'><strong>ulmos—209</strong></span> <span class='ocrx_word' id='word_1_2' title='bbox 749 183 861 189; x_wconf 86' lang='lat'><strong>—-</strong></span> <span class='ocrx_word' id='word_1_3' title='bbox 924 161 1002 200; x_wconf 88' lang='lat'><strong>150</strong></span> <span class='ocrx_word' id='word_1_4' title='bbox 1061 184 1174 189; x_wconf 75' lang='grc'><strong>--</strong></span> 
     </span>
    </p>
   </div>
   <div class='ocr_carea' id='block_1_2' title="bbox 247 285 1673 337">
    <p class='ocr_par' dir='ltr' id='par_1_2' title="bbox 247 285 1673 337">
     <span class='ocr_line' id='line_1_2' title="bbox 247 285 1673 337; baseline 0.001 -13"><span class='ocrx_word' id='word_1_5' title='bbox 247 298 326 324; x_wconf 92' lang='lat' dir='ltr'><strong>non</strong></span> <span class='ocrx_word' id='word_1_6' title='bbox 359 290 512 337; x_wconf 88' lang='lat' dir='ltr'><strong>potest,</strong></span> <span class='ocrx_word' id='word_1_7' title='bbox 550 285 628 337; x_wconf 89' lang='lat' dir='ltr'><strong>ipsi</strong></span> <span class='ocrx_word' id='word_1_8' title='bbox 660 285 757 325; x_wconf 90' lang='lat' dir='ltr'><strong>surti</strong></span> <span class='ocrx_word' id='word_1_9' title='bbox 790 285 892 324; x_wconf 83' lang='lat' dir='ltr'><strong>actio</strong></span> <span class='ocrx_word' id='word_1_10' title='bbox 923 286 1120 336; x_wconf 85' lang='lat' dir='ltr'><strong>conpetit,</strong></span> <span class='ocrx_word' id='word_1_11' title='bbox 1160 286 1255 336; x_wconf 88' lang='lat' dir='ltr'><strong>quia</strong></span> <span class='ocrx_word' id='word_1_12' title='bbox 1293 285 1370 324; x_wconf 91' lang='lat' dir='ltr'><strong>hoc</strong></span> <span class='ocrx_word' id='word_1_13' title='bbox 1406 297 1505 325; x_wconf 88' lang='lat' dir='ltr'><strong>casu</strong></span> <span class='ocrx_word' id='word_1_14' title='bbox 1542 286 1673 337; x_wconf 91' lang='lat' dir='ltr'><strong>ipsius</strong></span> 
     </span>
    </p>
   </div>
   <div class='ocr_carea' id='block_1_3' title="bbox 151 341 1848 394">
    <p class='ocr_par' dir='ltr' id='par_1_3' title="bbox 151 341 1848 394">
     <span class='ocr_line' id='line_1_3' title="bbox 151 341 1848 394; baseline -0.003 -11"><span class='ocrx_word' id='word_1_15' title='bbox 151 345 419 383; x_wconf 66' lang='lat' dir='ltr'><strong>QOGinterest</strong></span> <span class='ocrx_word' id='word_1_16' title='bbox 448 355 537 382; x_wconf 91' lang='lat' dir='ltr'><strong>rem</strong></span> <span class='ocrx_word' id='word_1_17' title='bbox 569 342 727 382; x_wconf 85' lang='lat' dir='ltr'><strong>saluam</strong></span> <span class='ocrx_word' id='word_1_18' title='bbox 761 354 866 381; x_wconf 89' lang='lat' dir='ltr'><strong>esse.</strong></span> <span class='ocrx_word' id='word_1_19' title='bbox 936 343 1046 390; x_wconf 75' lang='lat' dir='ltr'><strong>Quae</strong></span> <span class='ocrx_word' id='word_1_20' title='bbox 1081 342 1127 380; x_wconf 82' lang='lat' dir='ltr'><strong>de</strong></span> <span class='ocrx_word' id='word_1_21' title='bbox 1158 341 1316 381; x_wconf 85' lang='lat' dir='ltr'><strong>fullone</strong></span> <span class='ocrx_word' id='word_1_22' title='bbox 1345 342 1361 394; x_wconf 76' lang='grc' dir='ltr'>Η</span> <span class='ocrx_word' id='word_1_23' title='bbox 1392 348 1464 381; x_wconf 89' lang='lat' dir='ltr'><strong>aut</strong></span> <span class='ocrx_word' id='word_1_24' title='bbox 1494 344 1676 382; x_wconf 80' lang='lat' dir='ltr'>sarcina-</span> <span class='ocrx_word' id='word_1_25' title='bbox 1690 355 1764 389; x_wconf 82' lang='lat' dir='ltr'><strong>pag.</strong></span> <span class='ocrx_word' id='word_1_26' title='bbox 1784 349 1848 379; x_wconf 75' lang='lat'><strong>⁴82</strong></span> 
     </span>
    </p>
   </div>
   <div class='ocr_carea' id='block_1_4' title="bbox 148 399 1731 1539">
    <p class='ocr_par' dir='ltr' id='par_1_4' title="bbox 246 399 1706 566">
     <span class='ocr_line' id='line_1_4' title="bbox 247 399 1675 451; baseline 0 -12"><span class='ocrx_word' id='word_1_27' title='bbox 247 407 334 439; x_wconf 88' lang='lat' dir='ltr'><strong>tore</strong></span> <span class='ocrx_word' id='word_1_28' title='bbox 358 400 552 451; x_wconf 80' lang='lat' dir='ltr'><strong>diximus,</strong></span> <span class='ocrx_word' id='word_1_29' title='bbox 586 400 731 439; x_wconf 86' lang='lat' dir='ltr'><strong>eadem</strong></span> <span class='ocrx_word' id='word_1_30' title='bbox 763 399 1063 438; x_wconf 77' lang='lat' dir='ltr'>transferemus</span> <span class='ocrx_word' id='word_1_31' title='bbox 1096 404 1136 438; x_wconf 85' lang='lat' dir='ltr'><strong>et</strong></span> <span class='ocrx_word' id='word_1_32' title='bbox 1166 399 1219 438; x_wconf 89' lang='lat' dir='ltr'><strong>ad</strong></span> <span class='ocrx_word' id='word_1_33' title='bbox 1251 412 1345 438; x_wconf 89' lang='lat' dir='ltr'><strong>eum</strong></span> <span class='ocrx_word' id='word_1_34' title='bbox 1369 401 1434 438; x_wconf 90' lang='lat' dir='ltr'><strong>cui</strong></span> <span class='ocrx_word' id='word_1_35' title='bbox 1455 411 1543 438; x_wconf 89' lang='lat' dir='ltr'><strong>rem</strong></span> <span class='ocrx_word' id='word_1_36' title='bbox 1565 412 1675 439; x_wconf 91' lang='lat' dir='ltr'><strong>com-</strong></span> 
     </span>
     <span class='ocr_line' id='line_1_5' title="bbox 246 456 1673 507; baseline 0 -12"><span class='ocrx_word' id='word_1_37' title='bbox 246 457 521 497; x_wconf 85' lang='lat' dir='ltr'><strong>modauimus.</strong></span> <span class='ocrx_word' id='word_1_38' title='bbox 582 469 676 495; x_wconf 88' lang='lat' dir='ltr'><strong>nam</strong></span> <span class='ocrx_word' id='word_1_39' title='bbox 723 461 768 494; x_wconf 90' lang='lat' dir='ltr'><strong>ut</strong></span> <span class='ocrx_word' id='word_1_40' title='bbox 812 456 870 495; x_wconf 94' lang='lat' dir='ltr'><strong>illi</strong></span> <span class='ocrx_word' id='word_1_41' title='bbox 916 456 1151 495; x_wconf 86' lang='lat' dir='ltr'><strong>mercedem</strong></span> <span class='ocrx_word' id='word_1_42' title='bbox 1198 456 1398 507; x_wconf 87' lang='lat' dir='ltr'><strong>capiendo</strong></span> <span class='ocrx_word' id='word_1_43' title='bbox 1445 456 1673 496; x_wconf 84' lang='lat' dir='ltr'><strong>custodiam</strong></span> 
     </span>
     <span class='ocr_line' id='line_1_6' title="bbox 246 513 1706 566; baseline -0.001 -13"><span class='ocrx_word' id='word_1_44' title='bbox 246 520 475 566; x_wconf 77' lang='lat' dir='ltr'>praestant,</span> <span class='ocrx_word' id='word_1_45' title='bbox 524 516 577 553; x_wconf 88' lang='lat' dir='ltr'><strong>ita</strong></span> <span class='ocrx_word' id='word_1_46' title='bbox 616 514 679 552; x_wconf 88' lang='lat' dir='ltr'><strong>hic</strong></span> <span class='ocrx_word' id='word_1_47' title='bbox 723 526 891 566; x_wconf 85' lang='lat' dir='ltr'><strong>quoque</strong></span> <span class='ocrx_word' id='word_1_48' title='bbox 927 514 1075 552; x_wconf 68' lang='lat' dir='ltr'><strong>utendi</strong></span> <span class='ocrx_word' id='word_1_49' title='bbox 1109 513 1370 552; x_wconf 87' lang='lat' dir='ltr'><strong>commodum</strong></span> <span class='ocrx_word' id='word_1_50' title='bbox 1406 513 1706 565; x_wconf 83' lang='lat' dir='ltr'><strong>percipiendo5</strong></span> 
     </span>
    </p>

    <p class='ocr_par' dir='ltr' id='par_1_5' title="bbox 152 570 1729 965">
     <span class='ocr_line' id='line_1_7' title="bbox 152 570 1675 623; baseline -0.001 -12"><span class='ocrx_word' id='word_1_51' title='bbox 152 575 231 612; x_wconf 68' lang='lat'><strong>⁶207</strong></span> <span class='ocrx_word' id='word_1_52' title='bbox 248 572 433 611; x_wconf 86' lang='lat' dir='ltr'><strong>similiter</strong></span> <span class='ocrx_word' id='word_1_53' title='bbox 468 582 638 610; x_wconf 79' lang='lat' dir='ltr'><strong>necesse</strong></span> <span class='ocrx_word' id='word_1_54' title='bbox 673 570 796 609; x_wconf 77' lang='lat' dir='ltr'><strong>habet</strong></span> <span class='ocrx_word' id='word_1_55' title='bbox 831 570 1059 610; x_wconf 76' lang='lat' dir='ltr'><strong>custodiam</strong></span> <span class='ocrx_word' id='word_1_56' title='bbox 1097 576 1322 621; x_wconf 86' lang='lat' dir='ltr'><strong>praestare.</strong></span> <span class='ocrx_word' id='word_1_57' title='bbox 1384 570 1466 610; x_wconf 87' lang='lat' dir='ltr'><strong>Sed</strong></span> <span class='ocrx_word' id='word_1_58' title='bbox 1497 571 1531 610; x_wconf 93' lang='lat' dir='ltr'><strong>is</strong></span> <span class='ocrx_word' id='word_1_59' title='bbox 1562 570 1675 623; x_wconf 87' lang='lat' dir='ltr'><strong>apud</strong></span> 
     </span>
     <span class='ocr_line' id='line_1_8' title="bbox 248 627 1675 681; baseline 0.001 -15"><span class='ocrx_word' id='word_1_60' title='bbox 248 642 372 681; x_wconf 79' lang='lat' dir='ltr'><strong>quem</strong></span> <span class='ocrx_word' id='word_1_61' title='bbox 410 642 476 668; x_wconf 83' lang='lat' dir='ltr'><strong>res</strong></span> <span class='ocrx_word' id='word_1_62' title='bbox 519 628 703 678; x_wconf 86' lang='lat' dir='ltr'><strong>deposita</strong></span> <span class='ocrx_word' id='word_1_63' title='bbox 744 633 803 666; x_wconf 75' lang='lat' dir='ltr'><strong>est</strong></span> <span class='ocrx_word' id='word_1_64' title='bbox 840 627 1070 667; x_wconf 84' lang='lat' dir='ltr'><strong>custodiam</strong></span> <span class='ocrx_word' id='word_1_65' title='bbox 1107 640 1187 666; x_wconf 92' lang='lat' dir='ltr'><strong>non</strong></span> <span class='ocrx_word' id='word_1_66' title='bbox 1220 632 1401 679; x_wconf 73' lang='lat' dir='ltr'><strong>praestat</strong></span> <span class='ocrx_word' id='word_1_67' title='bbox 1430 631 1675 680; x_wconf 85' lang='lat' dir='ltr'><strong>tantumque</strong></span> 
     </span>
     <span class='ocr_line' id='line_1_9' title="bbox 246 684 1676 737; baseline -0.001 -12"><span class='ocrx_word' id='word_1_68' title='bbox 246 688 284 725; x_wconf 91' lang='lat' dir='ltr'><strong>in</strong></span> <span class='ocrx_word' id='word_1_69' title='bbox 319 699 366 725; x_wconf 92' lang='lat' dir='ltr'><strong>eo</strong></span> <span class='ocrx_word' id='word_1_70' title='bbox 398 686 602 725; x_wconf 80' lang='lat' dir='ltr'><strong>obnoxius</strong></span> <span class='ocrx_word' id='word_1_71' title='bbox 634 689 713 735; x_wconf 84' lang='lat' dir='ltr'><strong>est,</strong></span> <span class='ocrx_word' id='word_1_72' title='bbox 753 686 785 723; x_wconf 91' lang='lat' dir='ltr'><strong>si</strong></span> <span class='ocrx_word' id='word_1_73' title='bbox 819 685 920 737; x_wconf 84' lang='lat' dir='ltr'><strong>quid</strong></span> <span class='ocrx_word' id='word_1_74' title='bbox 952 686 1040 737; x_wconf 91' lang='lat' dir='ltr'><strong>ipse</strong></span> <span class='ocrx_word' id='word_1_75' title='bbox 1073 685 1166 724; x_wconf 95' lang='lat' dir='ltr'><strong>dolo</strong></span> <span class='ocrx_word' id='word_1_76' title='bbox 1198 684 1346 737; x_wconf 79' lang='lat' dir='ltr'><strong>(malo)</strong></span> <span class='ocrx_word' id='word_1_77' title='bbox 1378 685 1532 724; x_wconf 88' lang='lat' dir='ltr'><strong>fecerit.</strong></span> <span class='ocrx_word' id='word_1_78' title='bbox 1594 696 1676 737; x_wconf 88' lang='lat' dir='ltr'><strong>qua</strong></span> 
     </span>
     <span class='ocr_line' id='line_1_10' title="bbox 246 740 1675 794; baseline -0.001 -11"><span class='ocrx_word' id='word_1_79' title='bbox 246 743 297 783; x_wconf 88' lang='lat' dir='ltr'><strong>de</strong></span> <span class='ocrx_word' id='word_1_80' title='bbox 329 755 457 782; x_wconf 81' lang='lat' dir='ltr'><strong>causa</strong></span> <span class='ocrx_word' id='word_1_81' title='bbox 486 740 566 794; x_wconf 72' lang='lat' dir='ltr'><strong>&lt;sz&gt;</strong></span> <span class='ocrx_word' id='word_1_82' title='bbox 596 753 664 781; x_wconf 89' lang='lat' dir='ltr'><strong>res</strong></span> <span class='ocrx_word' id='word_1_83' title='bbox 697 743 733 780; x_wconf 91' lang='lat' dir='ltr'><strong>ei</strong></span> <span class='ocrx_word' id='word_1_84' title='bbox 766 742 964 793; x_wconf 86' lang='lat' dir='ltr'><strong>subrepta</strong></span> <span class='ocrx_word' id='word_1_85' title='bbox 997 742 1132 793; x_wconf 89' lang='lat' dir='ltr'><strong>suerit,</strong></span> <span class='ocrx_word' id='word_1_86' title='bbox 1167 742 1267 794; x_wconf 74' lang='lat' dir='ltr'><strong>quia</strong></span> <span class='ocrx_word' id='word_1_87' title='bbox 1287 741 1564 781; x_wconf 79' lang='lat' dir='ltr'><strong>restituendae</strong></span> <span class='ocrx_word' id='word_1_88' title='bbox 1587 743 1675 781; x_wconf 90' lang='lat' dir='ltr'><strong>eius</strong></span> 
     </span>
     <span class='ocr_line' id='line_1_11' title="bbox 244 799 1729 850; baseline -0.001 -11"><span class='ocrx_word' id='word_1_89' title='bbox 244 801 403 839; x_wconf 77' lang='lat' dir='ltr'><strong>nomine</strong></span> <span class='ocrx_word' id='word_1_90' title='bbox 447 799 628 850; x_wconf 79' lang='lat' dir='ltr'><strong>depositi</strong></span> <span class='ocrx_word' id='word_1_91' title='bbox 669 811 751 838; x_wconf 89' lang='lat' dir='ltr'><strong>non</strong></span> <span class='ocrx_word' id='word_1_92' title='bbox 788 804 953 838; x_wconf 85' lang='lat' dir='ltr'><strong>tenetur</strong></span> <span class='ocrx_word' id='word_1_93' title='bbox 988 812 1067 839; x_wconf 90' lang='lat' dir='ltr'><strong>nec</strong></span> <span class='ocrx_word' id='word_1_94' title='bbox 1107 799 1159 838; x_wconf 84' lang='lat' dir='ltr'><strong>ob</strong></span> <span class='ocrx_word' id='word_1_95' title='bbox 1191 799 1231 838; x_wconf 89' lang='lat' dir='ltr'><strong>id</strong></span> <span class='ocrx_word' id='word_1_96' title='bbox 1267 800 1355 838; x_wconf 92' lang='lat' dir='ltr'><strong>eius</strong></span> <span class='ocrx_word' id='word_1_97' title='bbox 1385 800 1559 838; x_wconf 88' lang='lat' dir='ltr'><strong>interest</strong></span> <span class='ocrx_word' id='word_1_98' title='bbox 1588 809 1729 838; x_wconf 71' lang='lat' dir='ltr'><strong>remto</strong></span> 
     </span>
     <span class='ocr_line' id='line_1_12' title="bbox 245 856 1675 909; baseline -0.001 -13"><span class='ocrx_word' id='word_1_99' title='bbox 245 858 404 896; x_wconf 88' lang='lat' dir='ltr'><strong>saluam</strong></span> <span class='ocrx_word' id='word_1_100' title='bbox 437 868 548 907; x_wconf 88' lang='lat' dir='ltr'><strong>esse,</strong></span> <span class='ocrx_word' id='word_1_101' title='bbox 587 856 685 895; x_wconf 83' lang='lat' dir='ltr'><strong>furti</strong></span> <span class='ocrx_word' id='word_1_102' title='bbox 721 856 890 908; x_wconf 80' lang='lat' dir='ltr'><strong>[itaque]</strong></span> <span class='ocrx_word' id='word_1_103' title='bbox 926 869 1050 909; x_wconf 79' lang='lat' dir='ltr'><strong>agere</strong></span> <span class='ocrx_word' id='word_1_104' title='bbox 1081 869 1162 896; x_wconf 91' lang='lat' dir='ltr'><strong>non</strong></span> <span class='ocrx_word' id='word_1_105' title='bbox 1194 861 1350 908; x_wconf 88' lang='lat' dir='ltr'><strong>potest,</strong></span> <span class='ocrx_word' id='word_1_106' title='bbox 1389 856 1462 896; x_wconf 83' lang='lat' dir='ltr'><strong>sed</strong></span> <span class='ocrx_word' id='word_1_107' title='bbox 1493 868 1542 895; x_wconf 85' lang='lat' dir='ltr'><strong>ea</strong></span> <span class='ocrx_word' id='word_1_108' title='bbox 1572 857 1675 895; x_wconf 85' lang='lat' dir='ltr'><strong>actio</strong></span> 
     </span>
     <span class='ocr_line' id='line_1_13' title="bbox 247 915 634 965; baseline -0.003 -12"><span class='ocrx_word' id='word_1_109' title='bbox 247 915 411 953; x_wconf 87' lang='lat' dir='ltr'><strong>domino</strong></span> <span class='ocrx_word' id='word_1_110' title='bbox 443 915 634 965; x_wconf 88' lang='lat' dir='ltr'><strong>conpetit.</strong></span> 
     </span>
    </p>

    <p class='ocr_par' dir='ltr' id='par_1_6' title="bbox 150 969 1731 1253">
     <span class='ocr_line' id='line_1_14' title="bbox 150 969 1676 1022; baseline -0.001 -11"><span class='ocrx_word' id='word_1_111' title='bbox 150 974 230 1011; x_wconf 70' lang='lat'><strong>208</strong></span> <span class='ocrx_word' id='word_1_112' title='bbox 360 972 404 1010; x_wconf 92' lang='lat' dir='ltr'><strong>In</strong></span> <span class='ocrx_word' id='word_1_113' title='bbox 427 983 586 1010; x_wconf 86' lang='lat' dir='ltr'><strong>summa</strong></span> <span class='ocrx_word' id='word_1_114' title='bbox 609 969 824 1009; x_wconf 86' lang='lat' dir='ltr'><strong>sciendum</strong></span> <span class='ocrx_word' id='word_1_115' title='bbox 848 975 910 1009; x_wconf 86' lang='lat' dir='ltr'><strong>est</strong></span> <span class='ocrx_word' id='word_1_116' title='bbox 932 971 1161 1022; x_wconf 78' lang='lat' dir='ltr'><strong>quaesitum</strong></span> <span class='ocrx_word' id='word_1_117' title='bbox 1184 982 1288 1022; x_wconf 88' lang='lat' dir='ltr'><strong>esse,</strong></span> <span class='ocrx_word' id='word_1_118' title='bbox 1313 983 1363 1011; x_wconf 88' lang='lat' dir='ltr'><strong>an</strong></span> <span class='ocrx_word' id='word_1_119' title='bbox 1385 970 1566 1022; x_wconf 86' lang='lat' dir='ltr'><strong>inpubes</strong></span> <span class='ocrx_word' id='word_1_120' title='bbox 1587 982 1676 1010; x_wconf 89' lang='lat' dir='ltr'><strong>rem</strong></span> 
     </span>
     <span class='ocr_line' id='line_1_15' title="bbox 245 1027 1675 1080; baseline 0 -14"><span class='ocrx_word' id='word_1_121' title='bbox 245 1029 424 1068; x_wconf 77' lang='lat' dir='ltr'><strong>alienam</strong></span> <span class='ocrx_word' id='word_1_122' title='bbox 461 1027 694 1068; x_wconf 80' lang='lat' dir='ltr'><strong>amonendo</strong></span> <span class='ocrx_word' id='word_1_123' title='bbox 732 1027 889 1066; x_wconf 88' lang='lat' dir='ltr'><strong>furtum</strong></span> <span class='ocrx_word' id='word_1_124' title='bbox 930 1028 1060 1066; x_wconf 87' lang='lat' dir='ltr'><strong>saciat.</strong></span> <span class='ocrx_word' id='word_1_125' title='bbox 1128 1028 1341 1080; x_wconf 87' lang='lat' dir='ltr'><strong>plerisque</strong></span> <span class='ocrx_word' id='word_1_126' title='bbox 1379 1027 1536 1079; x_wconf 88' lang='lat' dir='ltr'><strong>placet,</strong></span> <span class='ocrx_word' id='word_1_127' title='bbox 1579 1028 1675 1080; x_wconf 86' lang='lat' dir='ltr'><strong>quia</strong></span> 
     </span>
     <span class='ocr_line' id='line_1_16' title="bbox 244 1084 1731 1137; baseline -0.001 -12"><span class='ocrx_word' id='word_1_128' title='bbox 244 1087 401 1125; x_wconf 85' lang='lat' dir='ltr'><strong>furtum</strong></span> <span class='ocrx_word' id='word_1_129' title='bbox 435 1098 487 1125; x_wconf 85' lang='lat' dir='ltr'><strong>ex</strong></span> <span class='ocrx_word' id='word_1_130' title='bbox 517 1084 684 1136; x_wconf 76' lang='lat' dir='ltr'><strong>adfectu</strong></span> <span class='ocrx_word' id='word_1_131' title='bbox 715 1086 911 1135; x_wconf 88' lang='lat' dir='ltr'><strong>consistit,</strong></span> <span class='ocrx_word' id='word_1_132' title='bbox 944 1086 998 1123; x_wconf 85' lang='lat' dir='ltr'><strong>ita</strong></span> <span class='ocrx_word' id='word_1_133' title='bbox 1031 1084 1198 1124; x_wconf 87' lang='lat' dir='ltr'><strong>demum</strong></span> <span class='ocrx_word' id='word_1_134' title='bbox 1231 1085 1405 1137; x_wconf 81' lang='lat' dir='ltr'><strong>obligari</strong></span> <span class='ocrx_word' id='word_1_135' title='bbox 1436 1098 1483 1124; x_wconf 90' lang='lat' dir='ltr'><strong>eo</strong></span> <span class='ocrx_word' id='word_1_136' title='bbox 1506 1086 1731 1125; x_wconf 70' lang='lat' dir='ltr'><strong>eriminets</strong></span> 
     </span>
     <span class='ocr_line' id='line_1_17' title="bbox 244 1141 1676 1195; baseline -0.001 -13"><span class='ocrx_word' id='word_1_137' title='bbox 244 1143 506 1195; x_wconf 87' lang='lat' dir='ltr'><strong>inpuberem,</strong></span> <span class='ocrx_word' id='word_1_138' title='bbox 540 1144 573 1181; x_wconf 91' lang='lat' dir='ltr'><strong>si</strong></span> <span class='ocrx_word' id='word_1_139' title='bbox 602 1143 819 1194; x_wconf 84' lang='lat' dir='ltr'><strong>proximus</strong></span> <span class='ocrx_word' id='word_1_140' title='bbox 850 1141 1059 1193; x_wconf 86' lang='lat' dir='ltr'><strong>pubertati</strong></span> <span class='ocrx_word' id='word_1_141' title='bbox 1093 1143 1144 1180; x_wconf 92' lang='lat' dir='ltr'><strong>sit</strong></span> <span class='ocrx_word' id='word_1_142' title='bbox 1174 1147 1214 1181; x_wconf 90' lang='lat' dir='ltr'><strong>et</strong></span> <span class='ocrx_word' id='word_1_143' title='bbox 1245 1142 1297 1181; x_wconf 91' lang='lat' dir='ltr'><strong>ob</strong></span> <span class='ocrx_word' id='word_1_144' title='bbox 1330 1141 1372 1181; x_wconf 90' lang='lat' dir='ltr'><strong>id</strong></span> <span class='ocrx_word' id='word_1_145' title='bbox 1393 1142 1608 1194; x_wconf 79' lang='lat' dir='ltr'><strong>intellegat</strong></span> <span class='ocrx_word' id='word_1_146' title='bbox 1632 1154 1676 1181; x_wconf 89' lang='lat' dir='ltr'><strong>se</strong></span> 
     </span>
     <span class='ocr_line' id='line_1_18' title="bbox 245 1200 503 1253; baseline 0 -14"><span class='ocrx_word' id='word_1_147' title='bbox 245 1200 503 1253; x_wconf 85' lang='lat' dir='ltr'><strong>delinquere.</strong></span> 
     </span>
    </p>

    <p class='ocr_par' dir='ltr' id='par_1_7' title="bbox 148 1256 1730 1539">
     <span class='ocr_line' id='line_1_19' title="bbox 148 1256 1677 1308; baseline -0.001 -12"><span class='ocrx_word' id='word_1_148' title='bbox 148 1259 227 1296; x_wconf 68' lang='lat'><strong>209</strong></span> <span class='ocrx_word' id='word_1_149' title='bbox 330 1258 407 1305; x_wconf 83' lang='lat' dir='ltr'><strong>Oui</strong></span> <span class='ocrx_word' id='word_1_150' title='bbox 443 1269 511 1297; x_wconf 92' lang='lat' dir='ltr'><strong>res</strong></span> <span class='ocrx_word' id='word_1_151' title='bbox 549 1256 704 1296; x_wconf 87' lang='lat' dir='ltr'><strong>alienas</strong></span> <span class='ocrx_word' id='word_1_152' title='bbox 742 1257 865 1307; x_wconf 80' lang='lat' dir='ltr'><strong>rapit,</strong></span> <span class='ocrx_word' id='word_1_153' title='bbox 905 1261 1070 1295; x_wconf 90' lang='lat' dir='ltr'><strong>tenetur</strong></span> <span class='ocrx_word' id='word_1_154' title='bbox 1107 1256 1231 1295; x_wconf 75' lang='lat' dir='ltr'><strong>etiam</strong></span> <span class='ocrx_word' id='word_1_155' title='bbox 1269 1256 1380 1295; x_wconf 87' lang='lat' dir='ltr'><strong>furti.</strong></span> <span class='ocrx_word' id='word_1_156' title='bbox 1443 1256 1536 1308; x_wconf 89' lang='lat' dir='ltr'><strong>quis</strong></span> <span class='ocrx_word' id='word_1_157' title='bbox 1569 1256 1677 1295; x_wconf 92' lang='lat' dir='ltr'><strong>enim</strong></span> 
     </span>
     <span class='ocr_line' id='line_1_20' title="bbox 245 1313 1677 1367; baseline -0.001 -14"><span class='ocrx_word' id='word_1_158' title='bbox 245 1316 372 1367; x_wconf 75' lang='lat' dir='ltr'><strong>magis</strong></span> <span class='ocrx_word' id='word_1_159' title='bbox 418 1314 595 1354; x_wconf 82' lang='lat' dir='ltr'><strong>alienam</strong></span> <span class='ocrx_word' id='word_1_160' title='bbox 640 1326 729 1353; x_wconf 83' lang='lat' dir='ltr'><strong>rem</strong></span> <span class='ocrx_word' id='word_1_161' title='bbox 774 1314 902 1352; x_wconf 91' lang='lat' dir='ltr'><strong>inuito</strong></span> <span class='ocrx_word' id='word_1_162' title='bbox 950 1313 1115 1352; x_wconf 87' lang='lat' dir='ltr'><strong>domino</strong></span> <span class='ocrx_word' id='word_1_163' title='bbox 1159 1317 1376 1352; x_wconf 72' lang='lat' dir='ltr'><strong>contrectat</strong></span> <span class='ocrx_word' id='word_1_164' title='bbox 1429 1325 1553 1365; x_wconf 87' lang='lat' dir='ltr'><strong>quam</strong></span> <span class='ocrx_word' id='word_1_165' title='bbox 1606 1314 1677 1365; x_wconf 91' lang='lat' dir='ltr'><strong>qui</strong></span> 
     </span>
     <span class='ocr_line' id='line_1_21' title="bbox 243 1369 1730 1424; baseline 0.001 -14"><span class='ocrx_word' id='word_1_166' title='bbox 243 1370 331 1424; x_wconf 70' lang='grc' dir='ltr'><em>&lt;ιιέ&gt;</em></span> <span class='ocrx_word' id='word_1_167' title='bbox 361 1370 498 1423; x_wconf 80' lang='lat' dir='ltr'><strong>rapit?</strong></span> <span class='ocrx_word' id='word_1_168' title='bbox 551 1373 691 1423; x_wconf 85' lang='lat' dir='ltr'><strong>itaque</strong></span> <span class='ocrx_word' id='word_1_169' title='bbox 722 1377 830 1410; x_wconf 87' lang='lat' dir='ltr'><strong>recte</strong></span> <span class='ocrx_word' id='word_1_170' title='bbox 861 1370 1011 1410; x_wconf 73' lang='lat' dir='ltr'><strong>dictum</strong></span> <span class='ocrx_word' id='word_1_171' title='bbox 1049 1375 1114 1410; x_wconf 89' lang='lat' dir='ltr'><strong>est</strong></span> <span class='ocrx_word' id='word_1_172' title='bbox 1149 1382 1244 1410; x_wconf 90' lang='lat' dir='ltr'><strong>eum</strong></span> <span class='ocrx_word' id='word_1_173' title='bbox 1282 1369 1504 1422; x_wconf 90' lang='lat' dir='ltr'><strong>inprobum</strong></span> <span class='ocrx_word' id='word_1_174' title='bbox 1542 1370 1675 1409; x_wconf 88' lang='lat' dir='ltr'><strong>furem</strong></span> <span class='ocrx_word' id='word_1_175' title='bbox 1690 1382 1730 1411; x_wconf 77' lang='lat'><strong>20</strong></span> 
     </span>
     <span class='ocr_line' id='line_1_22' title="bbox 244 1427 1678 1481; baseline -0.002 -13"><span class='ocrx_word' id='word_1_176' title='bbox 244 1441 350 1468; x_wconf 84' lang='lat' dir='ltr'><strong>esse.</strong></span> <span class='ocrx_word' id='word_1_177' title='bbox 420 1429 494 1468; x_wconf 90' lang='lat' dir='ltr'><strong>sed</strong></span> <span class='ocrx_word' id='word_1_178' title='bbox 531 1430 742 1481; x_wconf 82' lang='lat' dir='ltr'><strong>propriam</strong></span> <span class='ocrx_word' id='word_1_179' title='bbox 779 1428 978 1467; x_wconf 71' lang='lat' dir='ltr'><strong>actionem,</strong></span> <span class='ocrx_word' id='word_1_180' title='bbox 1017 1429 1105 1467; x_wconf 91' lang='lat' dir='ltr'><strong>eius</strong></span> <span class='ocrx_word' id='word_1_181' title='bbox 1145 1427 1278 1466; x_wconf 67' lang='lat' dir='ltr'><strong>delicti</strong></span> <span class='ocrx_word' id='word_1_182' title='bbox 1313 1428 1476 1466; x_wconf 74' lang='lat' dir='ltr'><strong>nomine</strong></span> <span class='ocrx_word' id='word_1_183' title='bbox 1512 1432 1678 1480; x_wconf 88' lang='lat' dir='ltr'><strong>praetor</strong></span> 
     </span>
     <span class='ocr_line' id='line_1_23' title="bbox 240 1485 1669 1539; baseline -0.001 -14"><span class='ocrx_word' id='word_1_184' title='bbox 240 1486 486 1538; x_wconf 85' lang='lat' dir='ltr'><strong>introduxit,</strong></span> <span class='ocrx_word' id='word_1_185' title='bbox 526 1498 634 1539; x_wconf 87' lang='lat' dir='ltr'><strong>quae</strong></span> <span class='ocrx_word' id='word_1_186' title='bbox 676 1485 911 1538; x_wconf 87' lang='lat' dir='ltr'><strong>appellatur</strong></span> <span class='ocrx_word' id='word_1_187' title='bbox 948 1486 988 1525; x_wconf 90' lang='lat' dir='ltr'><strong>ui</strong></span> <span class='ocrx_word' id='word_1_188' title='bbox 1026 1485 1229 1525; x_wconf 88' lang='lat' dir='ltr'><strong>bonorum</strong></span> <span class='ocrx_word' id='word_1_189' title='bbox 1260 1490 1491 1537; x_wconf 88' lang='lat' dir='ltr'><strong>raptorum,</strong></span> <span class='ocrx_word' id='word_1_190' title='bbox 1530 1489 1571 1524; x_wconf 87' lang='lat' dir='ltr'><strong>et</strong></span> <span class='ocrx_word' id='word_1_191' title='bbox 1607 1489 1669 1524; x_wconf 86' lang='lat' dir='ltr'><strong>est</strong></span> 
     </span>
    </p>
   </div>
   <div class='ocr_carea' id='block_1_5' title="bbox 916 1598 955 1606">
    <p class='ocr_par' dir='ltr' id='par_1_8' title="bbox 916 1598 955 1606">
     <span class='ocr_line' id='line_1_24' title="bbox 916 1598 955 1606; baseline 0 0"><span class='ocrx_word' id='word_1_192' title='bbox 916 1598 955 1606; x_wconf 58' lang='lat' dir='ltr'><strong>&gt;vx</strong></span> 
     </span>
    </p>
   </div>
   <div class='ocr_carea' id='block_1_6' title="bbox 961 1597 1130 1608">
    <p class='ocr_par' dir='ltr' id='par_1_9' title="bbox 961 1597 1130 1608">
     <span class='ocr_line' id='line_1_25' title="bbox 961 1597 1130 1608; baseline 0 1487"><span class='ocrx_word' id='word_1_193' title='bbox 961 1597 1130 1608; x_wconf 95' lang='lat' dir='ltr'><strong> </strong></span> 
     </span>
    </p>
   </div>
   <div class='ocr_carea' id='block_1_7' title="bbox 1136 1597 1180 1607">
    <p class='ocr_par' dir='ltr' id='par_1_10' title="bbox 1136 1597 1180 1607">
     <span class='ocr_line' id='line_1_26' title="bbox 1136 1597 1180 1607; baseline -0.023 0"><span class='ocrx_word' id='word_1_194' title='bbox 1136 1597 1180 1607; x_wconf 47' lang='lat' dir='ltr'><strong>‘vx</strong></span> 
     </span>
    </p>
   </div>
   <div class='ocr_carea' id='block_1_8' title="bbox 247 1600 411 1609">
    <p class='ocr_par' dir='ltr' id='par_1_11' title="bbox 247 1600 411 1609">
     <span class='ocr_line' id='line_1_27' title="bbox 247 1600 411 1609; baseline 0 1486"><span class='ocrx_word' id='word_1_195' title='bbox 247 1600 411 1609; x_wconf 95' lang='lat' dir='ltr'><strong> </strong></span> 
     </span>
    </p>
   </div>
   <div class='ocr_carea' id='block_1_9' title="bbox 245 1667 1674 1756">
    <p class='ocr_par' dir='ltr' id='par_1_12' title="bbox 245 1667 1674 1756">
     <span class='ocr_line' id='line_1_28' title="bbox 334 1667 1674 1708; baseline -0.004 -9"><span class='ocrx_word' id='word_1_196' title='bbox 334 1669 435 1708; x_wconf 65' lang='lat'>§206</span> <span class='ocrx_word' id='word_1_197' title='bbox 462 1667 534 1699; x_wconf 78' lang='lat' dir='ltr'><strong>sere</strong></span> <span class='ocrx_word' id='word_1_198' title='bbox 561 1668 826 1708; x_wconf 71' lang='lat' dir='ltr'><strong>=1nst.1·‚⁴,</strong></span> <span class='ocrx_word' id='word_1_199' title='bbox 856 1668 1064 1708; x_wconf 64' lang='grc' dir='ltr'>4611ξ207</span> <span class='ocrx_word' id='word_1_200' title='bbox 1093 1681 1132 1694; x_wconf 93' lang='lat'>=</span> <span class='ocrx_word' id='word_1_201' title='bbox 1164 1668 1245 1699; x_wconf 86' lang='lat' dir='ltr'><strong>Inst.</strong></span> <span class='ocrx_word' id='word_1_202' title='bbox 1273 1668 1304 1706; x_wconf 79' lang='grc'>4,</span> <span class='ocrx_word' id='word_1_203' title='bbox 1335 1669 1365 1704; x_wconf 82' lang='grc'><strong>4,</strong></span> <span class='ocrx_word' id='word_1_204' title='bbox 1392 1668 1431 1698; x_wconf 87' lang='grc'>47</span> <span class='ocrx_word' id='word_1_205' title='bbox 1457 1667 1514 1708; x_wconf 75' lang='lat'><strong>{1§</strong></span> <span class='ocrx_word' id='word_1_206' title='bbox 1541 1669 1606 1699; x_wconf 74' lang='lat'><strong>208</strong></span> <span class='ocrx_word' id='word_1_207' title='bbox 1633 1680 1674 1694; x_wconf 90' lang='lat'>=</span> 
     </span>
     <span class='ocr_line' id='line_1_29' title="bbox 245 1711 1021 1756; baseline -0.003 -10"><span class='ocrx_word' id='word_1_208' title='bbox 245 1716 329 1746; x_wconf 75' lang='lat' dir='ltr'><strong>inst.</strong></span> <span class='ocrx_word' id='word_1_209' title='bbox 358 1716 387 1756; x_wconf 90' lang='grc'>4,</span> <span class='ocrx_word' id='word_1_210' title='bbox 413 1716 444 1755; x_wconf 85' lang='grc'>4,</span> <span class='ocrx_word' id='word_1_211' title='bbox 472 1716 512 1745; x_wconf 88' lang='grc'>48</span> <span class='ocrx_word' id='word_1_212' title='bbox 537 1711 550 1756; x_wconf 82' lang='grc' dir='ltr'>Η</span> <span class='ocrx_word' id='word_1_213' title='bbox 573 1714 592 1753; x_wconf 67' lang='grc' dir='ltr'>ξ</span> <span class='ocrx_word' id='word_1_214' title='bbox 611 1715 673 1744; x_wconf 75' lang='grc'><strong>209</strong></span> <span class='ocrx_word' id='word_1_215' title='bbox 695 1727 735 1740; x_wconf 90' lang='lat'><strong>==</strong></span> <span class='ocrx_word' id='word_1_216' title='bbox 756 1714 839 1745; x_wconf 80' lang='lat' dir='ltr'><strong>Inst.</strong></span> <span class='ocrx_word' id='word_1_217' title='bbox 867 1715 897 1755; x_wconf 82' lang='lat'><strong>4,</strong></span> <span class='ocrx_word' id='word_1_218' title='bbox 924 1716 942 1744; x_wconf 78' lang='lat'><strong>2</strong></span> <span class='ocrx_word' id='word_1_219' title='bbox 970 1722 1021 1754; x_wconf 83' lang='lat' dir='ltr'><strong>pr.</strong></span> 
     </span>
    </p>
   </div>
   <div class='ocr_carea' id='block_1_10' title="bbox 754 1801 917 1811">
    <p class='ocr_par' dir='ltr' id='par_1_13' title="bbox 754 1801 917 1811">
     <span class='ocr_line' id='line_1_30' title="bbox 754 1801 917 1811; baseline -0.006 0"><span class='ocrx_word' id='word_1_220' title='bbox 754 1801 917 1811; x_wconf 56' lang='grc' dir='ltr'><strong>ΛΜ</strong></span> 
     </span>
    </p>
   </div>
   <div class='ocr_carea' id='block_1_11' title="bbox 1299 1800 1498 1810">
    <p class='ocr_par' dir='ltr' id='par_1_14' title="bbox 1299 1800 1498 1810">
     <span class='ocr_line' id='line_1_31' title="bbox 1299 1800 1498 1810; baseline 0 1285"><span class='ocrx_word' id='word_1_221' title='bbox 1299 1800 1498 1810; x_wconf 95' lang='lat' dir='ltr'><strong> </strong></span> 
     </span>
    </p>
   </div>
   <div class='ocr_carea' id='block_1_12' title="bbox 379 1803 565 1813">
    <p class='ocr_par' dir='ltr' id='par_1_15' title="bbox 379 1803 565 1813">
     <span class='ocr_line' id='line_1_32' title="bbox 379 1803 565 1813; baseline 0 1282"><span class='ocrx_word' id='word_1_222' title='bbox 379 1803 565 1813; x_wconf 95' lang='lat' dir='ltr'><strong> </strong></span> 
     </span>
    </p>
   </div>
   <div class='ocr_carea' id='block_1_13' title="bbox 565 1803 582 1811">
    <p class='ocr_par' dir='ltr' id='par_1_16' title="bbox 565 1803 582 1811">
     <span class='ocr_line' id='line_1_33' title="bbox 565 1803 582 1811; baseline 0 0"><span class='ocrx_word' id='word_1_223' title='bbox 565 1803 582 1811; x_wconf 60' lang='grc' dir='ltr'><strong><em>κ</em></strong></span> 
     </span>
    </p>
   </div>
   <div class='ocr_carea' id='block_1_14' title="bbox 586 1802 753 1811">
    <p class='ocr_par' dir='ltr' id='par_1_17' title="bbox 586 1802 753 1811">
     <span class='ocr_line' id='line_1_34' title="bbox 586 1802 753 1811; baseline 0 1284"><span class='ocrx_word' id='word_1_224' title='bbox 586 1802 753 1811; x_wconf 95' lang='lat' dir='ltr'><strong> </strong></span> 
     </span>
    </p>
   </div>
   <div class='ocr_carea' id='block_1_15' title="bbox 243 1869 1679 2737">
    <p class='ocr_par' dir='ltr' id='par_1_18' title="bbox 243 1869 1679 2737">
     <span class='ocr_line' id='line_1_35' title="bbox 335 1869 1678 1915; baseline -0.001 -10"><span class='ocrx_word' id='word_1_225' title='bbox 335 1876 347 1905; x_wconf 94' lang='grc'>4</span> <span class='ocrx_word' id='word_1_226' title='bbox 387 1875 506 1915; x_wconf 80' lang='lat' dir='ltr'><strong>potest</strong></span> <span class='ocrx_word' id='word_1_227' title='bbox 537 1872 572 1914; x_wconf 91' lang='lat' dir='ltr'><strong>C,</strong></span> <span class='ocrx_word' id='word_1_228' title='bbox 609 1873 725 1914; x_wconf 75' lang='lat' dir='ltr'><strong>possit</strong></span> <span class='ocrx_word' id='word_1_229' title='bbox 762 1872 841 1903; x_wconf 84' lang='lat' dir='ltr'><strong>Inst.</strong></span> <span class='ocrx_word' id='word_1_230' title='bbox 875 1870 888 1910; x_wconf 85' lang='grc' dir='ltr'><strong>ΙΙ</strong></span> <span class='ocrx_word' id='word_1_231' title='bbox 922 1871 988 1912; x_wconf 87' lang='lat' dir='ltr'><strong>ipsi</strong></span> <span class='ocrx_word' id='word_1_232' title='bbox 1017 1869 1052 1911; x_wconf 91' lang='lat' dir='ltr'><strong>C,</strong></span> <span class='ocrx_word' id='word_1_233' title='bbox 1092 1871 1159 1912; x_wconf 85' lang='lat' dir='ltr'><strong>ipsi</strong></span> <span class='ocrx_word' id='word_1_234' title='bbox 1195 1870 1341 1902; x_wconf 88' lang='lat' dir='ltr'><strong>domino</strong></span> <span class='ocrx_word' id='word_1_235' title='bbox 1374 1871 1453 1902; x_wconf 82' lang='lat' dir='ltr'><strong>Jnst.</strong></span> <span class='ocrx_word' id='word_1_236' title='bbox 1487 1870 1501 1910; x_wconf 88' lang='grc' dir='ltr'><strong>ΙΙ</strong></span> <span class='ocrx_word' id='word_1_237' title='bbox 1534 1873 1553 1902; x_wconf 83' lang='grc'><strong>2</strong></span> <span class='ocrx_word' id='word_1_238' title='bbox 1587 1879 1678 1911; x_wconf 82' lang='lat' dir='ltr'><strong>quae</strong></span> 
     </span>
     <span class='ocr_line' id='line_1_36' title="bbox 245 1915 1674 1960; baseline -0.002 -8"><span class='ocrx_word' id='word_1_239' title='bbox 245 1920 289 1952; x_wconf 90' lang='lat' dir='ltr'><strong>de</strong></span> <span class='ocrx_word' id='word_1_240' title='bbox 332 1920 428 1960; x_wconf 58' lang='lat' dir='ltr'><strong>Inst„</strong></span> <span class='ocrx_word' id='word_1_241' title='bbox 477 1919 593 1960; x_wconf 82' lang='lat' dir='ltr'><strong>deque</strong></span> <span class='ocrx_word' id='word_1_242' title='bbox 638 1917 663 1950; x_wconf 90' lang='lat' dir='ltr'><strong><em>C</em></strong></span> <span class='ocrx_word' id='word_1_243' title='bbox 693 1917 707 1958; x_wconf 83' lang='grc'><strong>11</strong></span> <span class='ocrx_word' id='word_1_244' title='bbox 740 1919 801 1949; x_wconf 85' lang='lat' dir='ltr'><strong>aut</strong></span> <span class='ocrx_word' id='word_1_245' title='bbox 845 1915 887 1954; x_wconf 86' lang='lat' dir='ltr'><strong>C,</strong></span> <span class='ocrx_word' id='word_1_246' title='bbox 945 1918 980 1948; x_wconf 82' lang='lat' dir='ltr'><strong>et</strong></span> <span class='ocrx_word' id='word_1_247' title='bbox 1028 1916 1107 1948; x_wconf 78' lang='lat' dir='ltr'><strong>Inst.</strong></span> <span class='ocrx_word' id='word_1_248' title='bbox 1142 1916 1155 1956; x_wconf 85' lang='grc' dir='ltr'><strong>ΙΙ</strong></span> <span class='ocrx_word' id='word_1_249' title='bbox 1189 1918 1275 1947; x_wconf 71' lang='grc'><strong>2-3</strong></span> <span class='ocrx_word' id='word_1_250' title='bbox 1318 1917 1538 1948; x_wconf 84' lang='lat' dir='ltr'><strong>sarcinatore</strong></span> <span class='ocrx_word' id='word_1_251' title='bbox 1580 1917 1674 1957; x_wconf 61' lang='lat' dir='ltr'><strong>lust„</strong></span> 
     </span>
     <span class='ocr_line' id='line_1_37' title="bbox 245 1961 1677 2006; baseline -0.003 -8"><span class='ocrx_word' id='word_1_252' title='bbox 245 1966 416 1998; x_wconf 85' lang='lat' dir='ltr'><strong>sarcitore</strong></span> <span class='ocrx_word' id='word_1_253' title='bbox 446 1964 471 1997; x_wconf 89' lang='lat' dir='ltr'>C</span> <span class='ocrx_word' id='word_1_254' title='bbox 510 1962 522 2006; x_wconf 79' lang='grc' dir='ltr'><strong>ΙΙ</strong></span> <span class='ocrx_word' id='word_1_255' title='bbox 562 1966 578 1995; x_wconf 90' lang='grc'>4</span> <span class='ocrx_word' id='word_1_256' title='bbox 614 1963 665 1995; x_wconf 80' lang='lat' dir='ltr'><strong>illi</strong></span> <span class='ocrx_word' id='word_1_257' title='bbox 691 1972 736 1995; x_wconf 68' lang='lat' dir='ltr'><strong>ea:</strong></span> <span class='ocrx_word' id='word_1_258' title='bbox 761 1963 825 1994; x_wconf 71' lang='lat' dir='ltr'><strong>iliu</strong></span> <span class='ocrx_word' id='word_1_259' title='bbox 850 1965 1041 1994; x_wconf 79' lang='lat' dir='ltr'><strong>correctum</strong></span> <span class='ocrx_word' id='word_1_260' title='bbox 1069 1961 1109 1994; x_wconf 89' lang='lat' dir='ltr'><strong>C¹</strong></span> <span class='ocrx_word' id='word_1_261' title='bbox 1141 1962 1154 2002; x_wconf 80' lang='grc' dir='ltr'><strong>ΙΙ</strong></span> <span class='ocrx_word' id='word_1_262' title='bbox 1188 1961 1363 2002; x_wconf 85' lang='lat' dir='ltr'><strong>capiendo</strong></span> <span class='ocrx_word' id='word_1_263' title='bbox 1392 1961 1434 2000; x_wconf 84' lang='lat' dir='ltr'><strong>C,</strong></span> <span class='ocrx_word' id='word_1_264' title='bbox 1463 1962 1677 2003; x_wconf 87' lang='lat' dir='ltr'><strong>accipiendo</strong></span> 
     </span>
     <span class='ocr_line' id='line_1_38' title="bbox 246 2007 1679 2051; baseline -0.002 -8"><span class='ocrx_word' id='word_1_265' title='bbox 246 2012 324 2043; x_wconf 77' lang='lat' dir='ltr'><strong>Jnst.</strong></span> <span class='ocrx_word' id='word_1_266' title='bbox 365 2010 380 2051; x_wconf 85' lang='grc'><strong>11</strong></span> <span class='ocrx_word' id='word_1_267' title='bbox 419 2013 437 2042; x_wconf 83' lang='lat'>5</span> <span class='ocrx_word' id='word_1_268' title='bbox 479 2011 537 2042; x_wconf 83' lang='lat' dir='ltr'><strong>hic</strong></span> <span class='ocrx_word' id='word_1_269' title='bbox 578 2018 721 2051; x_wconf 85' lang='lat' dir='ltr'><strong>quoque</strong></span> <span class='ocrx_word' id='word_1_270' title='bbox 761 2008 897 2040; x_wconf 87' lang='lat' dir='ltr'><strong>utendo</strong></span> <span class='ocrx_word' id='word_1_271' title='bbox 938 2007 1075 2048; x_wconf 89' lang='lat' dir='ltr'><strong>(utendi</strong></span> <span class='ocrx_word' id='word_1_272' title='bbox 1107 2007 1245 2049; x_wconf 81' lang='lat' dir='ltr'><strong>Heffter)</strong></span> <span class='ocrx_word' id='word_1_273' title='bbox 1286 2007 1518 2039; x_wconf 85' lang='lat' dir='ltr'><strong>commodum</strong></span> <span class='ocrx_word' id='word_1_274' title='bbox 1558 2009 1679 2049; x_wconf 87' lang='lat' dir='ltr'><strong>perci-</strong></span> 
     </span>
     <span class='ocr_line' id='line_1_39' title="bbox 243 2052 1677 2099; baseline -0.001 -11"><span class='ocrx_word' id='word_1_275' title='bbox 243 2057 376 2099; x_wconf 87' lang='lat' dir='ltr'><strong>piendo</strong></span> <span class='ocrx_word' id='word_1_276' title='bbox 422 2056 608 2097; x_wconf 73' lang='lat' dir='ltr'><strong>Goesclzen,</strong></span> <span class='ocrx_word' id='word_1_277' title='bbox 650 2054 686 2086; x_wconf 85' lang='lat' dir='ltr'><strong>hi</strong></span> <span class='ocrx_word' id='word_1_278' title='bbox 728 2062 871 2096; x_wconf 90' lang='lat' dir='ltr'><strong>quoque</strong></span> <span class='ocrx_word' id='word_1_279' title='bbox 912 2053 1047 2085; x_wconf 89' lang='lat' dir='ltr'><strong>utendo</strong></span> <span class='ocrx_word' id='word_1_280' title='bbox 1090 2053 1321 2085; x_wconf 86' lang='lat' dir='ltr'><strong>commodum</strong></span> <span class='ocrx_word' id='word_1_281' title='bbox 1363 2053 1597 2095; x_wconf 87' lang='lat' dir='ltr'><strong>percipiendo</strong></span> <span class='ocrx_word' id='word_1_282' title='bbox 1641 2052 1677 2094; x_wconf 89' lang='lat' dir='ltr'><strong>C,</strong></span> 
     </span>
     <span class='ocr_line' id='line_1_40' title="bbox 246 2098 1678 2143; baseline -0.003 -9"><span class='ocrx_word' id='word_1_283' title='bbox 246 2105 274 2134; x_wconf 81' lang='lat' dir='ltr'><strong>is</strong></span> <span class='ocrx_word' id='word_1_284' title='bbox 306 2111 450 2143; x_wconf 88' lang='lat' dir='ltr'><strong>quoque</strong></span> <span class='ocrx_word' id='word_1_285' title='bbox 482 2102 543 2143; x_wconf 88' lang='lat' dir='ltr'><strong>qui</strong></span> <span class='ocrx_word' id='word_1_286' title='bbox 577 2100 808 2133; x_wconf 89' lang='lat' dir='ltr'><strong>commodum</strong></span> <span class='ocrx_word' id='word_1_287' title='bbox 840 2099 967 2131; x_wconf 87' lang='lat' dir='ltr'><strong>utendi</strong></span> <span class='ocrx_word' id='word_1_288' title='bbox 999 2100 1152 2141; x_wconf 89' lang='lat' dir='ltr'><strong>percipit</strong></span> <span class='ocrx_word' id='word_1_289' title='bbox 1185 2099 1265 2130; x_wconf 80' lang='lat' dir='ltr'><strong>Inst.</strong></span> <span class='ocrx_word' id='word_1_290' title='bbox 1298 2098 1312 2139; x_wconf 86' lang='grc' dir='ltr'><strong>ΙΙ</strong></span> <span class='ocrx_word' id='word_1_291' title='bbox 1347 2101 1364 2130; x_wconf 88' lang='grc'><strong>6</strong></span> <span class='ocrx_word' id='word_1_292' title='bbox 1397 2107 1544 2131; x_wconf 89' lang='lat' dir='ltr'><strong>necesse</strong></span> <span class='ocrx_word' id='word_1_293' title='bbox 1569 2099 1678 2130; x_wconf 86' lang='lat' dir='ltr'><strong>habet</strong></span> 
     </span>
     <span class='ocr_line' id='line_1_41' title="bbox 247 2143 1679 2186; baseline -0.001 -7"><span class='ocrx_word' id='word_1_294' title='bbox 247 2149 340 2185; x_wconf 66' lang='lat' dir='ltr'><strong>Inst„</strong></span> <span class='ocrx_word' id='word_1_295' title='bbox 385 2155 574 2179; x_wconf 83' lang='lat' dir='ltr'><strong>necessese</strong></span> <span class='ocrx_word' id='word_1_296' title='bbox 614 2146 749 2178; x_wconf 84' lang='lat' dir='ltr'><strong>habent</strong></span> <span class='ocrx_word' id='word_1_297' title='bbox 792 2144 817 2178; x_wconf 87' lang='lat' dir='ltr'><strong><em>C</em></strong></span> <span class='ocrx_word' id='word_1_298' title='bbox 848 2145 861 2186; x_wconf 79' lang='grc'><strong>11</strong></span> <span class='ocrx_word' id='word_1_299' title='bbox 895 2146 912 2175; x_wconf 87' lang='lat'><strong>&#39;7</strong></span> <span class='ocrx_word' id='word_1_300' title='bbox 957 2144 1118 2186; x_wconf 86' lang='lat' dir='ltr'><strong>deposita</strong></span> <span class='ocrx_word' id='word_1_301' title='bbox 1160 2146 1214 2177; x_wconf 89' lang='lat' dir='ltr'><strong>est</strong></span> <span class='ocrx_word' id='word_1_302' title='bbox 1255 2145 1347 2185; x_wconf 64' lang='lat' dir='ltr'><strong>Inst,</strong></span> <span class='ocrx_word' id='word_1_303' title='bbox 1390 2144 1576 2186; x_wconf 85' lang='lat' dir='ltr'><strong>depositae</strong></span> <span class='ocrx_word' id='word_1_304' title='bbox 1619 2143 1679 2185; x_wconf 80' lang='grc' dir='ltr'><strong>ΟΙΙ</strong></span> 
     </span>
     <span class='ocr_line' id='line_1_42' title="bbox 245 2188 1679 2235; baseline -0.003 -10"><span class='ocrx_word' id='word_1_305' title='bbox 245 2194 404 2235; x_wconf 81' lang='lat' dir='ltr'><strong>praestat</strong></span> <span class='ocrx_word' id='word_1_306' title='bbox 446 2194 544 2234; x_wconf 80' lang='lat' dir='ltr'><strong>Inst.,</strong></span> <span class='ocrx_word' id='word_1_307' title='bbox 585 2193 804 2234; x_wconf 84' lang='lat' dir='ltr'><strong>praestatum</strong></span> <span class='ocrx_word' id='word_1_308' title='bbox 835 2190 859 2222; x_wconf 90' lang='lat' dir='ltr'><strong><em>C</em></strong></span> <span class='ocrx_word' id='word_1_309' title='bbox 890 2190 904 2230; x_wconf 84' lang='grc'><strong>11</strong></span> <span class='ocrx_word' id='word_1_310' title='bbox 938 2192 1149 2231; x_wconf 81' lang='lat' dir='ltr'><strong>tantumque</strong></span> <span class='ocrx_word' id='word_1_311' title='bbox 1193 2189 1233 2231; x_wconf 87' lang='lat' dir='ltr'><strong>G,</strong></span> <span class='ocrx_word' id='word_1_312' title='bbox 1275 2190 1337 2222; x_wconf 84' lang='lat' dir='ltr'><strong>sed</strong></span> <span class='ocrx_word' id='word_1_313' title='bbox 1380 2191 1518 2222; x_wconf 87' lang='lat' dir='ltr'><strong>tantum</strong></span> <span class='ocrx_word' id='word_1_314' title='bbox 1562 2190 1641 2222; x_wconf 66' lang='lat' dir='ltr'><strong>Just.</strong></span> <span class='ocrx_word' id='word_1_315' title='bbox 1666 2188 1679 2232; x_wconf 87' lang='grc' dir='ltr'><strong>ΙΙ</strong></span> 
     </span>
     <span class='ocr_line' id='line_1_43' title="bbox 246 2234 1676 2280; baseline -0.002 -11"><span class='ocrx_word' id='word_1_316' title='bbox 246 2243 263 2269; x_wconf 79' lang='lat'>8</span> <span class='ocrx_word' id='word_1_317' title='bbox 306 2239 401 2271; x_wconf 90' lang='lat' dir='ltr'><strong>malo</strong></span> <span class='ocrx_word' id='word_1_318' title='bbox 445 2240 535 2280; x_wconf 64' lang='lat' dir='ltr'><strong>lust„</strong></span> <span class='ocrx_word' id='word_1_319' title='bbox 577 2246 640 2270; x_wconf 89' lang='lat' dir='ltr'><strong>om.</strong></span> <span class='ocrx_word' id='word_1_320' title='bbox 685 2237 710 2270; x_wconf 89' lang='lat' dir='ltr'><strong><em>C</em></strong></span> <span class='ocrx_word' id='word_1_321' title='bbox 741 2237 755 2278; x_wconf 78' lang='lat' dir='ltr'>n</span> <span class='ocrx_word' id='word_1_322' title='bbox 788 2239 806 2268; x_wconf 90' lang='grc'>9</span> <span class='ocrx_word' id='word_1_323' title='bbox 847 2244 954 2267; x_wconf 69' lang='lat' dir='ltr'><strong>causa</strong></span> <span class='ocrx_word' id='word_1_324' title='bbox 989 2237 1018 2268; x_wconf 89' lang='lat' dir='ltr'><strong>si</strong></span> <span class='ocrx_word' id='word_1_325' title='bbox 1052 2237 1148 2275; x_wconf 77' lang='lat' dir='ltr'><strong>lust.⁷</strong></span> <span class='ocrx_word' id='word_1_326' title='bbox 1192 2236 1216 2275; x_wconf 72' lang='grc' dir='ltr'><strong><em>ξ</em></strong></span> <span class='ocrx_word' id='word_1_327' title='bbox 1248 2234 1273 2267; x_wconf 87' lang='lat' dir='ltr'><strong><em>C</em></strong></span> <span class='ocrx_word' id='word_1_328' title='bbox 1303 2235 1400 2276; x_wconf 79' lang='lat' dir='ltr'><strong>(conf.</strong></span> <span class='ocrx_word' id='word_1_329' title='bbox 1435 2235 1478 2268; x_wconf 63' lang='lat' dir='ltr'><strong>Ca</strong></span> <span class='ocrx_word' id='word_1_330' title='bbox 1505 2244 1586 2276; x_wconf 72' lang='lat' dir='ltr'><strong>pay.</strong></span> <span class='ocrx_word' id='word_1_331' title='bbox 1611 2239 1676 2269; x_wconf 67' lang='lat'><strong>2²59</strong></span> 
     </span>
     <span class='ocr_line' id='line_1_44' title="bbox 245 2280 1678 2326; baseline -0.003 -10"><span class='ocrx_word' id='word_1_332' title='bbox 245 2294 335 2316; x_wconf 73' lang='lat' dir='ltr'><strong>vers.</strong></span> <span class='ocrx_word' id='word_1_333' title='bbox 364 2285 417 2325; x_wconf 77' lang='grc'><strong>46)</strong></span> <span class='ocrx_word' id='word_1_334' title='bbox 456 2285 470 2326; x_wconf 78' lang='grc' dir='ltr'><strong>ΙΙ</strong></span> <span class='ocrx_word' id='word_1_335' title='bbox 508 2284 590 2325; x_wconf 79' lang='lat' dir='ltr'><strong>quia</strong></span> <span class='ocrx_word' id='word_1_336' title='bbox 623 2282 867 2315; x_wconf 79' lang='lat' dir='ltr'><strong>restituendae</strong></span> <span class='ocrx_word' id='word_1_337' title='bbox 902 2282 1001 2323; x_wconf 54' lang='lat' dir='ltr'><strong>last„</strong></span> <span class='ocrx_word' id='word_1_338' title='bbox 1036 2290 1127 2322; x_wconf 85' lang='lat' dir='ltr'><strong>quae</strong></span> <span class='ocrx_word' id='word_1_339' title='bbox 1161 2281 1403 2313; x_wconf 77' lang='lat' dir='ltr'><strong>restituendae</strong></span> <span class='ocrx_word' id='word_1_340' title='bbox 1437 2280 1462 2313; x_wconf 92' lang='lat' dir='ltr'><strong><em>C</em></strong></span> <span class='ocrx_word' id='word_1_341' title='bbox 1492 2280 1507 2322; x_wconf 87' lang='grc' dir='ltr'><strong>ΙΙ</strong></span> <span class='ocrx_word' id='word_1_342' title='bbox 1541 2283 1580 2312; x_wconf 88' lang='grc'>40</span> <span class='ocrx_word' id='word_1_343' title='bbox 1616 2290 1678 2312; x_wconf 92' lang='lat' dir='ltr'><strong>no-</strong></span> 
     </span>
     <span class='ocr_line' id='line_1_45' title="bbox 247 2325 1676 2371; baseline -0.003 -10"><span class='ocrx_word' id='word_1_344' title='bbox 247 2331 343 2361; x_wconf 85' lang='lat' dir='ltr'><strong>mine</strong></span> <span class='ocrx_word' id='word_1_345' title='bbox 363 2331 454 2371; x_wconf 65' lang='lat' dir='ltr'><strong>lust,</strong></span> <span class='ocrx_word' id='word_1_346' title='bbox 482 2330 724 2361; x_wconf 89' lang='lat' dir='ltr'><strong>nonomninoe</strong></span> <span class='ocrx_word' id='word_1_347' title='bbox 754 2328 779 2361; x_wconf 90' lang='lat' dir='ltr'><strong><em>C</em></strong></span> <span class='ocrx_word' id='word_1_348' title='bbox 811 2328 824 2368; x_wconf 82' lang='grc' dir='ltr'><strong>ΙΙ</strong></span> <span class='ocrx_word' id='word_1_349' title='bbox 857 2327 1011 2369; x_wconf 85' lang='lat' dir='ltr'><strong>depositi</strong></span> <span class='ocrx_word' id='word_1_350' title='bbox 1038 2328 1130 2366; x_wconf 55' lang='lat' dir='ltr'><strong>Insa,</strong></span> <span class='ocrx_word' id='word_1_351' title='bbox 1161 2327 1338 2368; x_wconf 79' lang='lat' dir='ltr'><strong>depositio</strong></span> <span class='ocrx_word' id='word_1_352' title='bbox 1373 2325 1398 2359; x_wconf 87' lang='lat' dir='ltr'><strong><em>C</em></strong></span> <span class='ocrx_word' id='word_1_353' title='bbox 1436 2325 1448 2368; x_wconf 76' lang='grc' dir='ltr'><strong>ΙΙ</strong></span> <span class='ocrx_word' id='word_1_354' title='bbox 1489 2329 1524 2357; x_wconf 96' lang='grc'><strong>44</strong></span> <span class='ocrx_word' id='word_1_355' title='bbox 1558 2327 1676 2367; x_wconf 89' lang='lat' dir='ltr'><strong>itaque</strong></span> 
     </span>
     <span class='ocr_line' id='line_1_46' title="bbox 250 2370 1674 2418; baseline -0.004 -11"><span class='ocrx_word' id='word_1_356' title='bbox 250 2376 286 2415; x_wconf 83' lang='lat' dir='ltr'><strong>C,</strong></span> <span class='ocrx_word' id='word_1_357' title='bbox 315 2385 377 2408; x_wconf 86' lang='lat' dir='ltr'><strong>om.</strong></span> <span class='ocrx_word' id='word_1_358' title='bbox 405 2377 485 2407; x_wconf 76' lang='grc' dir='ltr'><strong>1ηεί.</strong></span> <span class='ocrx_word' id='word_1_359' title='bbox 525 2373 537 2418; x_wconf 82' lang='grc' dir='ltr'>Η</span> <span class='ocrx_word' id='word_1_360' title='bbox 576 2375 637 2407; x_wconf 86' lang='lat' dir='ltr'><strong>sed</strong></span> <span class='ocrx_word' id='word_1_361' title='bbox 669 2375 765 2415; x_wconf 64' lang='lat' dir='ltr'><strong>last,</strong></span> <span class='ocrx_word' id='word_1_362' title='bbox 799 2376 830 2404; x_wconf 77' lang='lat' dir='ltr'><strong>et</strong></span> <span class='ocrx_word' id='word_1_363' title='bbox 860 2372 884 2405; x_wconf 90' lang='lat' dir='ltr'><strong><em>C</em></strong></span> <span class='ocrx_word' id='word_1_364' title='bbox 922 2371 936 2414; x_wconf 77' lang='grc' dir='ltr'><strong>ΙΙ</strong></span> <span class='ocrx_word' id='word_1_365' title='bbox 975 2381 1013 2404; x_wconf 88' lang='lat' dir='ltr'><strong>ea</strong></span> <span class='ocrx_word' id='word_1_366' title='bbox 1044 2372 1079 2412; x_wconf 90' lang='lat' dir='ltr'><strong>C,</strong></span> <span class='ocrx_word' id='word_1_367' title='bbox 1115 2372 1198 2404; x_wconf 88' lang='lat' dir='ltr'><strong>furti</strong></span> <span class='ocrx_word' id='word_1_368' title='bbox 1227 2373 1307 2404; x_wconf 82' lang='lat' dir='ltr'><strong>Inst.</strong></span> <span class='ocrx_word' id='word_1_369' title='bbox 1348 2370 1360 2414; x_wconf 92' lang='grc' dir='ltr'><strong>ΙΙ</strong></span> <span class='ocrx_word' id='word_1_370' title='bbox 1401 2375 1441 2402; x_wconf 88' lang='grc'>43</span> <span class='ocrx_word' id='word_1_371' title='bbox 1475 2373 1674 2413; x_wconf 82' lang='lat' dir='ltr'><strong>quaesitum</strong></span> 
     </span>
     <span class='ocr_line' id='line_1_47' title="bbox 247 2415 1678 2463; baseline -0.002 -12"><span class='ocrx_word' id='word_1_372' title='bbox 247 2422 344 2463; x_wconf 62' lang='lat' dir='ltr'><strong>lust,</strong></span> <span class='ocrx_word' id='word_1_373' title='bbox 378 2422 559 2462; x_wconf 73' lang='lat' dir='ltr'><strong>quesitum</strong></span> <span class='ocrx_word' id='word_1_374' title='bbox 597 2419 623 2452; x_wconf 88' lang='lat' dir='ltr'><strong><em>C</em></strong></span> <span class='ocrx_word' id='word_1_375' title='bbox 660 2418 672 2462; x_wconf 88' lang='grc' dir='ltr'><strong>ΙΙ</strong></span> <span class='ocrx_word' id='word_1_376' title='bbox 712 2421 752 2451; x_wconf 88' lang='grc'><strong>44</strong></span> <span class='ocrx_word' id='word_1_377' title='bbox 786 2419 938 2450; x_wconf 84' lang='lat' dir='ltr'><strong>alienam</strong></span> <span class='ocrx_word' id='word_1_378' title='bbox 971 2419 1172 2449; x_wconf 83' lang='lat' dir='ltr'><strong>amonendo</strong></span> <span class='ocrx_word' id='word_1_379' title='bbox 1198 2419 1295 2458; x_wconf 63' lang='lat' dir='ltr'><strong>lust,</strong></span> <span class='ocrx_word' id='word_1_380' title='bbox 1329 2419 1446 2449; x_wconf 81' lang='lat' dir='ltr'><strong>alieno</strong></span> <span class='ocrx_word' id='word_1_381' title='bbox 1473 2417 1589 2449; x_wconf 89' lang='lat' dir='ltr'><strong>nendo</strong></span> <span class='ocrx_word' id='word_1_382' title='bbox 1618 2416 1643 2449; x_wconf 90' lang='lat' dir='ltr'>C</span> <span class='ocrx_word' id='word_1_383' title='bbox 1665 2415 1678 2459; x_wconf 90' lang='grc' dir='ltr'><strong>ΙΙ</strong></span> 
     </span>
     <span class='ocr_line' id='line_1_48' title="bbox 247 2460 1676 2509; baseline -0.003 -12"><span class='ocrx_word' id='word_1_384' title='bbox 247 2468 427 2507; x_wconf 74' lang='lat' dir='ltr'><strong>plerisque</strong></span> <span class='ocrx_word' id='word_1_385' title='bbox 457 2466 491 2508; x_wconf 87' lang='lat' dir='ltr'><strong>C,</strong></span> <span class='ocrx_word' id='word_1_386' title='bbox 529 2468 563 2497; x_wconf 89' lang='lat' dir='ltr'><strong>et</strong></span> <span class='ocrx_word' id='word_1_387' title='bbox 602 2466 682 2497; x_wconf 69' lang='lat' dir='ltr'><strong>lust.</strong></span> <span class='ocrx_word' id='word_1_388' title='bbox 722 2463 734 2509; x_wconf 81' lang='grc' dir='ltr'><strong>ΙΙ</strong></span> <span class='ocrx_word' id='word_1_389' title='bbox 775 2468 815 2497; x_wconf 75' lang='grc' dir='ltr'>4ὔ</span> <span class='ocrx_word' id='word_1_390' title='bbox 854 2464 985 2496; x_wconf 77' lang='lat' dir='ltr'><strong>affectu</strong></span> <span class='ocrx_word' id='word_1_391' title='bbox 1024 2465 1116 2506; x_wconf 65' lang='lat' dir='ltr'><strong>Inst„</strong></span> <span class='ocrx_word' id='word_1_392' title='bbox 1154 2464 1334 2495; x_wconf 85' lang='lat' dir='ltr'><strong>adiectum</strong></span> <span class='ocrx_word' id='word_1_393' title='bbox 1376 2462 1401 2495; x_wconf 93' lang='lat' dir='ltr'><strong><em>C</em></strong></span> <span class='ocrx_word' id='word_1_394' title='bbox 1438 2460 1451 2505; x_wconf 79' lang='grc' dir='ltr'><strong>ΙΙ</strong></span> <span class='ocrx_word' id='word_1_395' title='bbox 1491 2465 1532 2494; x_wconf 83' lang='grc'>46</span> <span class='ocrx_word' id='word_1_396' title='bbox 1557 2462 1676 2504; x_wconf 81' lang='lat' dir='ltr'><strong>proxi-</strong></span> 
     </span>
     <span class='ocr_line' id='line_1_49' title="bbox 248 2507 1675 2553; baseline -0.002 -11"><span class='ocrx_word' id='word_1_397' title='bbox 248 2522 326 2543; x_wconf 79' lang='lat' dir='ltr'><strong>mus</strong></span> <span class='ocrx_word' id='word_1_398' title='bbox 369 2514 461 2553; x_wconf 67' lang='lat' dir='ltr'><strong>Inst,</strong></span> <span class='ocrx_word' id='word_1_399' title='bbox 513 2513 734 2553; x_wconf 79' lang='lat' dir='ltr'><strong>proximusm</strong></span> <span class='ocrx_word' id='word_1_400' title='bbox 780 2510 805 2543; x_wconf 88' lang='lat' dir='ltr'><strong><em>C</em></strong></span> <span class='ocrx_word' id='word_1_401' title='bbox 842 2508 855 2553; x_wconf 81' lang='grc' dir='ltr'><strong>ΙΙ</strong></span> <span class='ocrx_word' id='word_1_402' title='bbox 896 2511 937 2540; x_wconf 88' lang='grc'>48</span> <span class='ocrx_word' id='word_1_403' title='bbox 987 2510 1092 2540; x_wconf 84' lang='lat' dir='ltr'><strong>ctiam</strong></span> <span class='ocrx_word' id='word_1_404' title='bbox 1139 2509 1328 2545; x_wconf 80' lang='lat' dir='ltr'><strong>Goeschen,</strong></span> <span class='ocrx_word' id='word_1_405' title='bbox 1372 2510 1406 2540; x_wconf 87' lang='lat' dir='ltr'><strong>et</strong></span> <span class='ocrx_word' id='word_1_406' title='bbox 1448 2507 1489 2549; x_wconf 89' lang='lat' dir='ltr'><strong>C,</strong></span> <span class='ocrx_word' id='word_1_407' title='bbox 1530 2508 1675 2548; x_wconf 86' lang='lat' dir='ltr'><strong>quidem</strong></span> 
     </span>
     <span class='ocr_line' id='line_1_50' title="bbox 248 2551 1677 2600; baseline -0.001 -13"><span class='ocrx_word' id='word_1_408' title='bbox 248 2559 351 2588; x_wconf 83' lang='lat' dir='ltr'><strong>etiam</strong></span> <span class='ocrx_word' id='word_1_409' title='bbox 380 2560 457 2589; x_wconf 77' lang='lat' dir='ltr'><strong>Jnse.</strong></span> <span class='ocrx_word' id='word_1_410' title='bbox 497 2556 509 2600; x_wconf 88' lang='grc' dir='ltr'><strong>ΙΙ</strong></span> <span class='ocrx_word' id='word_1_411' title='bbox 550 2560 591 2589; x_wconf 83' lang='grc'>49</span> <span class='ocrx_word' id='word_1_412' title='bbox 630 2559 830 2589; x_wconf 77' lang='lat' dir='ltr'><strong>contrectat</strong></span> <span class='ocrx_word' id='word_1_413' title='bbox 867 2555 959 2596; x_wconf 64' lang='lat' dir='ltr'><strong>lust,</strong></span> <span class='ocrx_word' id='word_1_414' title='bbox 997 2556 1105 2586; x_wconf 79' lang='lat' dir='ltr'><strong>trctat</strong></span> <span class='ocrx_word' id='word_1_415' title='bbox 1132 2554 1157 2587; x_wconf 89' lang='lat' dir='ltr'>C</span> <span class='ocrx_word' id='word_1_416' title='bbox 1189 2554 1203 2594; x_wconf 85' lang='grc' dir='ltr'><strong>ΙΙ</strong></span> <span class='ocrx_word' id='word_1_417' title='bbox 1237 2557 1276 2586; x_wconf 76' lang='lat'><strong>20</strong></span> <span class='ocrx_word' id='word_1_418' title='bbox 1315 2555 1350 2586; x_wconf 88' lang='lat' dir='ltr'><strong>ui</strong></span> <span class='ocrx_word' id='word_1_419' title='bbox 1387 2555 1478 2591; x_wconf 59' lang='lat' dir='ltr'><strong>lust„</strong></span> <span class='ocrx_word' id='word_1_420' title='bbox 1520 2561 1582 2584; x_wconf 87' lang='lat' dir='ltr'><strong>om.</strong></span> <span class='ocrx_word' id='word_1_421' title='bbox 1617 2552 1643 2585; x_wconf 88' lang='lat' dir='ltr'><strong><em>C</em></strong></span> <span class='ocrx_word' id='word_1_422' title='bbox 1665 2551 1677 2595; x_wconf 90' lang='grc' dir='ltr'><strong>ΙΙ</strong></span> 
     </span>
     <span class='ocr_line' id='line_1_51' title="bbox 248 2597 1678 2644; baseline -0.003 -10"><span class='ocrx_word' id='word_1_423' title='bbox 248 2601 394 2643; x_wconf 74' lang='lat' dir='ltr'><strong>itaque?</strong></span> <span class='ocrx_word' id='word_1_424' title='bbox 424 2603 449 2635; x_wconf 89' lang='lat' dir='ltr'><em>C</em></span> <span class='ocrx_word' id='word_1_425' title='bbox 475 2604 574 2643; x_wconf 78' lang='lat' dir='ltr'><strong>(cons.</strong></span> <span class='ocrx_word' id='word_1_426' title='bbox 604 2601 667 2644; x_wconf 70' lang='lat' dir='ltr'><strong>Ca),</strong></span> <span class='ocrx_word' id='word_1_427' title='bbox 694 2603 849 2643; x_wconf 84' lang='lat' dir='ltr'><strong>ideoque</strong></span> <span class='ocrx_word' id='word_1_428' title='bbox 876 2601 956 2632; x_wconf 70' lang='grc' dir='ltr'><strong><em>[πει.</em></strong></span> <span class='ocrx_word' id='word_1_429' title='bbox 996 2598 1009 2642; x_wconf 89' lang='grc' dir='ltr'><strong>ΙΙ</strong></span> <span class='ocrx_word' id='word_1_430' title='bbox 1049 2602 1144 2632; x_wconf 88' lang='lat' dir='ltr'><strong>recte</strong></span> <span class='ocrx_word' id='word_1_431' title='bbox 1171 2600 1307 2632; x_wconf 84' lang='lat' dir='ltr'><strong>dictum</strong></span> <span class='ocrx_word' id='word_1_432' title='bbox 1337 2600 1427 2640; x_wconf 62' lang='lat' dir='ltr'><strong>Insl„</strong></span> <span class='ocrx_word' id='word_1_433' title='bbox 1454 2601 1588 2630; x_wconf 81' lang='lat' dir='ltr'><strong>rectum</strong></span> <span class='ocrx_word' id='word_1_434' title='bbox 1620 2597 1646 2630; x_wconf 91' lang='lat' dir='ltr'><strong><em>C</em></strong></span> <span class='ocrx_word' id='word_1_435' title='bbox 1665 2597 1678 2640; x_wconf 85' lang='grc' dir='ltr'>Η</span> 
     </span>
     <span class='ocr_line' id='line_1_52' title="bbox 247 2641 1676 2690; baseline -0.001 -11"><span class='ocrx_word' id='word_1_436' title='bbox 247 2651 284 2680; x_wconf 73' lang='grc'>24</span> <span class='ocrx_word' id='word_1_437' title='bbox 317 2651 370 2679; x_wconf 89' lang='lat' dir='ltr'><strong>set</strong></span> <span class='ocrx_word' id='word_1_438' title='bbox 398 2648 432 2687; x_wconf 87' lang='lat' dir='ltr'><strong>C,</strong></span> <span class='ocrx_word' id='word_1_439' title='bbox 462 2648 524 2680; x_wconf 87' lang='lat' dir='ltr'><strong>sed</strong></span> <span class='ocrx_word' id='word_1_440' title='bbox 553 2652 671 2680; x_wconf 84' lang='lat' dir='ltr'><strong>tamen</strong></span> <span class='ocrx_word' id='word_1_441' title='bbox 699 2648 778 2680; x_wconf 77' lang='lat' dir='ltr'><strong>Inst.</strong></span> <span class='ocrx_word' id='word_1_442' title='bbox 803 2645 816 2690; x_wconf 77' lang='grc' dir='ltr'><strong>ΙΙ</strong></span> <span class='ocrx_word' id='word_1_443' title='bbox 845 2647 1022 2678; x_wconf 84' lang='lat' dir='ltr'><strong>actionem</strong></span> <span class='ocrx_word' id='word_1_444' title='bbox 1052 2647 1144 2686; x_wconf 63' lang='lat' dir='ltr'><strong>Just„</strong></span> <span class='ocrx_word' id='word_1_445' title='bbox 1172 2647 1311 2677; x_wconf 78' lang='lat' dir='ltr'><strong>actione</strong></span> <span class='ocrx_word' id='word_1_446' title='bbox 1339 2643 1364 2677; x_wconf 87' lang='lat' dir='ltr'><strong><em>C</em></strong></span> <span class='ocrx_word' id='word_1_447' title='bbox 1391 2641 1404 2688; x_wconf 85' lang='grc' dir='ltr'><strong>ΙΙ</strong></span> <span class='ocrx_word' id='word_1_448' title='bbox 1435 2643 1555 2676; x_wconf 86' lang='lat' dir='ltr'><strong>delicti</strong></span> <span class='ocrx_word' id='word_1_449' title='bbox 1583 2644 1676 2686; x_wconf 65' lang='lat' dir='ltr'><strong>last„</strong></span> 
     </span>
     <span class='ocr_line' id='line_1_53' title="bbox 247 2691 920 2737; baseline -0.001 -12"><span class='ocrx_word' id='word_1_450' title='bbox 247 2694 328 2726; x_wconf 83' lang='lat' dir='ltr'><strong>lecti</strong></span> <span class='ocrx_word' id='word_1_451' title='bbox 359 2693 383 2726; x_wconf 86' lang='lat' dir='ltr'><strong><em>C</em></strong></span> <span class='ocrx_word' id='word_1_452' title='bbox 406 2691 417 2737; x_wconf 80' lang='grc' dir='ltr'><strong>Ι]</strong></span> <span class='ocrx_word' id='word_1_453' title='bbox 443 2694 586 2725; x_wconf 85' lang='lat' dir='ltr'><strong>nomino</strong></span> <span class='ocrx_word' id='word_1_454' title='bbox 616 2694 707 2734; x_wconf 60' lang='lat' dir='ltr'><strong>lust„</strong></span> <span class='ocrx_word' id='word_1_455' title='bbox 734 2702 863 2725; x_wconf 83' lang='lat' dir='ltr'><strong>nomen</strong></span> <span class='ocrx_word' id='word_1_456' title='bbox 886 2691 920 2724; x_wconf 89' lang='lat' dir='ltr'><strong>C.</strong></span> 
     </span>
    </p>
   </div>
   <div class='ocr_carea' id='block_1_16' title="bbox 1866 1748 1892 2258">
    <p class='ocr_par' dir='ltr' id='par_1_19' title="bbox 1866 1748 1892 2258">
     <span class='ocr_line' id='line_1_54' title="bbox 1866 1748 1892 2258; textangle 90"><span class='ocrx_word' id='word_1_457' title='bbox 1870 2251 1874 2258; x_wconf 79' lang='grc'><strong><em>’</em></strong></span> <span class='ocrx_word' id='word_1_458' title='bbox 1866 1855 1892 2236; x_wconf 40' lang='grc' dir='ltr'><strong>’(’Υ-ῖο-κὺῑψῖμι-ἰκηψ</strong></span> <span class='ocrx_word' id='word_1_459' title='bbox 1880 1797 1892 1836; x_wconf 34' lang='grc' dir='ltr'><strong>,ᾳ</strong></span> <span class='ocrx_word' id='word_1_460' title='bbox 1880 1748 1892 1781; x_wconf 51' lang='grc' dir='ltr'><strong>,ι</strong></span> 
     </span>
    </p>
   </div>
  </div>
 </body>
</html>
