1872 3095
706 202 917 228 ——lx

111 327 278 367 operam
321 313 419 352 dedi
457 314 499 352 in
539 325 670 352 mmor
701 325 882 351 Nouam
922 312 1002 351 sub
1044 312 1168 351 finem
1208 314 1436 365 apographi
1467 316 1547 353 mei
1580 314 1685 366 (pag.

110 370 349 419 253—342)
396 371 504 422 typis
552 370 772 421 descriptO.
835 368 899 408 Ad
945 369 1057 408 hunc
1102 371 1227 420 igitur
1272 370 1451 409 indicem
1499 384 1568 410 eos
1616 373 1687 423 qui

109 434 250 468 nostra
282 427 461 467 editione
493 428 611 466 usuri
643 431 740 466 sunt
770 427 996 465 sescenties
1028 428 1070 465 in
1101 432 1304 478 apparatu
1343 428 1481 466 critico
1519 428 1689 480 delega-

110 487 248 524 uimus
292 484 444 523 additis
481 484 543 523 his
583 483 746 522 uerbis:
795 482 892 534 conf
921 483 966 521 Ca
994 496 1087 536 pay.
1117 514 1125 522 .
1160 514 1167 521 .
1203 495 1232 533 .;
1278 483 1413 522 ueluti
1445 484 1458 521 l
1490 485 1515 534 ξ
1550 485 1599 522 43
1634 487 1703 534 (ἰη

109 547 312 594 apparatu
355 542 493 580 critico
532 541 655 579 huius
696 539 886 579 editionis
926 552 1020 592 pag.
1062 540 1105 578 Μ
1151 540 1204 579 ad
1245 553 1416 579 uersum
1449 540 1517 593 26)
1553 542 1686 580 uerba

108 604 326 645 praescribit
356 603 524 635 Goeschen
550 602 765 642 postscribit
793 601 847 643 Cn,
883 604 968 641 conf.
1000 602 1041 635 Ca
1070 611 1150 643 pay.
1176 605 1244 636 286
1274 598 1518 650 Significant,
1559 611 1684 650 quam

109 655 229 694 facile
262 655 351 693 fieri
381 654 562 706 potuerit
592 658 639 692 ut
669 665 741 704 pro
770 653 1018 704 praescribit
1038 666 1114 705 per
1135 655 1366 704 scripturae
1394 655 1685 706 compendium

109 709 601 762 exarareturpostscrz'bit,
621 710 948 760 intellectumiri,
969 712 1004 749 si
1020 711 1280 750 inmmcnillo
1292 724 1472 750 NOTARVM
1485 711 1590 764 (pag.
1606 713 1684 750 286

107 781 218 809 uers.
240 770 276 807 5.
311 766 349 820 6)
367 767 602 806 simillimae
619 768 973 818 praepositionum
987 773 1077 818 post
1094 773 1134 806 et
1148 780 1250 819 prae
1267 774 1388 808 notae
1406 769 1684 808 conferantur.

222 825 306 865 Sed
337 825 439 863 haec
469 824 647 873 leuiora;
680 824 750 862 illa
773 836 875 863 uero
899 825 1053 876 grauia,
1088 837 1195 876 quae
1218 825 1270 864 ad
1295 825 1545 878 glossemata
1567 839 1686 877 spec-

106 888 210 933 tant;
245 882 296 921 de
329 881 484 933 quibus
517 881 743 920 admodum
766 881 927 920 lubrica
950 883 1138 933 quaestio
1171 887 1249 921 est:
1283 895 1378 921 nam
1410 895 1503 921 cum
1528 883 1686 922 schola-

108 952 201 979 rum
233 940 274 977 in
305 951 429 976 usum
463 939 745 977 Institutiones
778 940 993 990 scripserit
1025 939 1168 989 Gaius,
1202 952 1342 991 neque
1375 941 1579 991 copiosior
1611 954 1684 979 ex-

106 996 270 1048 plicatio
302 995 473 1034 offendit
504 1008 643 1047 neque
676 995 865 1034 eiusdem
898 997 1126 1034 sententiae
1159 997 1305 1034 iterata
1327 998 1538 1048 repetitio3
1572 997 1684 1047 allbi,

105 1053 178 1092 ubi
220 1054 365 1105 paucis
405 1052 549 1091 uerbis
585 1058 754 1103 praeter
793 1054 1123 1104 expectationem
1162 1054 1327 1092 insertis
1366 1055 1567 1093 sententia
1599 1060 1687 1093 tur-

104 1110 240 1159 batur,
275 1122 368 1148 cum
401 1110 440 1147 in
473 1109 580 1148 libro
607 1109 785 1148 Cmulta
818 1115 1017 1148 commata
1050 1115 1175 1162 atque
1208 1110 1312 1149 adeo
1336 1111 1522 1163 longiora
1555 1124 1687 1150 enun-

102 1169 202 1206 tiata
233 1166 499 1205 librariorum
531 1166 584 1205 ad
616 1167 741 1205 finem
772 1168 1086 1218 properantium
1119 1167 1249 1207 oculis
1283 1169 1432 1207 omissa
1465 1181 1558 1207 esse
1591 1181 1686 1207 con-

102 1229 202 1275 stet,
243 1223 436 1275 plerique
469 1236 521 1262 ex
552 1225 610 1262 eis
643 1225 744 1262 uiris
778 1224 926 1274 doctis,
967 1225 1038 1276 qui
1070 1224 1216 1263 Gaium
1250 1225 1492 1276 ediderunt,
1526 1225 1686 1264 malue-

103 1287 202 1320 runt
247 1280 300 1320 de
351 1280 654 1331 supplementis
701 1280 754 1319 ad
801 1282 1028 1320 orationem
1074 1281 1271 1319 Gaianam
1317 1282 1685 1334 redintegrandam

104 1337 387 1377 adsciscendis
420 1339 611 1388 cogitare,
641 1343 766 1389 atque
798 1339 942 1389 paucis
975 1338 1123 1390 glossis
1156 1339 1340 1377 codicem
1375 1340 1684 1392 Cinquinatum

104 1408 197 1434 esse
229 1400 495 1434 censuerunt.
557 1395 664 1433 Sane
695 1407 776 1433 non
808 1396 929 1434 nimis
968 1407 1100 1446 pauca
1137 1408 1184 1434 ac
1222 1396 1345 1446 plura
1384 1409 1509 1448 quam
1543 1410 1595 1435 ex
1626 1398 1684 1435 eis

103 1457 321 1503 expectes,
366 1463 474 1503 quae
506 1452 546 1489 in
578 1452 777 1502 prooemii
809 1452 1048 1504 apographo
1082 1464 1172 1491 meo
1205 1454 1424 1504 praemissi
1455 1455 1604 1506 pagina
1636 1467 1685 1492 xx

103 1509 354 1548 breuissime
388 1508 489 1557 dixi,
538 1509 579 1546 in
606 1508 761 1547 librum
796 1509 825 1546 C
855 1510 1075 1560 irrepsisse
1109 1509 1360 1561 glossemata
1391 1512 1446 1562 is,
1489 1512 1560 1562 qui
1593 1510 1686 1549 dili-

102 1567 267 1618 gentius
305 1566 488 1603 animum
528 1565 738 1616 aduertet,
787 1577 881 1604 cum
928 1567 1227 1605 sententiarum
1266 1579 1428 1606 conexu
1466 1567 1686 1606 docebitur

100 1628 188 1662 tum
221 1623 527 1661 Institutionum
563 1622 882 1661 Iustinianarum
916 1624 1234 1674 comparatione,
1269 1636 1377 1676 quae
1409 1626 1449 1662 in
1471 1625 1684 1663 nonnullis

101 1679 202 1718 locis
235 1692 287 1719 ex
318 1679 416 1717 Gaio
448 1679 605 1718 haustis
637 1684 749 1718 recte
787 1679 1047 1732 glossematis
1087 1679 1166 1719 illis
1208 1686 1361 1719 carent.
1424 1682 1534 1720 Haec
1565 1681 1685 1721 adul-

102 1739 233 1776 terma
275 1736 557 1775 additamenta
603 1736 807 1788 pleraque
856 1736 1030 1789 singulis
1076 1737 1146 1776 uel
1192 1739 1335 1789 paucis
1382 1738 1527 1777 uerbis
1573 1751 1683 1777 com—

101 1795 307 1845 prehensa
341 1798 448 1843 sunt,
483 1792 637 1845 quibus
671 1793 926 1845 glossatores
957 1796 1184 1845 praecipue
1207 1799 1278 1834 aut
1298 1795 1529 1834 uerborum
1552 1802 1685 1835 struc-

101 1856 237 1890 turam
276 1850 478 1889 adiuuare
517 1855 588 1888 aut
624 1852 854 1890 sententiae
895 1850 963 1890 uel
999 1851 1197 1890 uocabuli
1228 1851 1402 1891 alicuius
1434 1854 1520 1892 uim
1551 1853 1685 1905 expli-

103 1920 196 1947 care
229 1907 497 1956 studuerant3
531 1906 734 1958 exemplis
766 1919 789 1946 a
820 1920 886 1946 me
917 1909 959 1946 in
984 1908 1031 1945 Ca
1051 1908 1077 1946 l.
1102 1908 1128 1947 l.
1162 1908 1347 1948 collectis
1379 1909 1489 1948 facili
1520 1912 1684 1962 negotio

101 1964 178 2003 alia
211 1964 402 2016 exempla
435 1977 486 2002 ex
516 1964 592 2002 hac
624 1964 804 2003 editione
826 1966 918 2016 ipsa
939 1964 1092 2014 addas3
1127 1965 1376 2017 glossemata
1404 1968 1513 2005 enim
1536 1969 1682 2018 omnia,

101 2023 179 2060 nisi
211 2034 318 2073 quae
350 2022 391 2059 in
423 2026 669 2072 apparatum
709 2022 894 2060 criticum
933 2021 1278 2075 relegauimus⁷)‚
1320 2024 1361 2062 in
1397 2025 1487 2075 ipso
1530 2025 1685 2063 uerbo-

101 2091 195 2117 rum
232 2079 481 2118 Gaianorum
522 2083 719 2117 contextu
755 2079 818 2117 his
856 2080 1018 2118 uncinis
1057 2077 1094 2132 []
1126 2081 1373 2131 saepsimus,
1422 2081 1527 2120 conf.
1569 2095 1603 2120 e.
1647 2095 1681 2132 g.

103 2136 186 2186 11§
220 2136 270 2173 94
305 2141 379 2173 etc.
415 2134 544 2184 etc.³'³).
607 2136 742 2174 Potest
774 2148 873 2174 sane
906 2136 994 2174 fieri
1029 2142 1073 2175 ut
1103 2136 1227 2188 plura
1259 2150 1385 2189 quam
1417 2139 1457 2177 in
1489 2138 1566 2177 hac
1597 2138 1685 2177 edi-

195 2261 223 2299 7)
250 2260 386 2291 Paucas
418 2260 498 2291 illas
531 2261 637 2300 atque
672 2268 714 2291 ex
738 2263 840 2301 parte
867 2261 1008 2302 ineptas
1034 2261 1218 2303 rubricas,
1252 2272 1342 2303 quas
1367 2263 1403 2294 in
1431 2262 1515 2294 libri
1542 2264 1556 2295 1
1582 2264 1683 2296 initio

105 2306 154 2346 (ἓξ
181 2308 210 2337 4.
239 2308 267 2336 8.
295 2308 325 2336 9.
351 2307 405 2337 ⁴3.
432 2307 485 2336 44.
514 2307 564 2336 48.
592 2308 645 2336 20.
673 2305 725 2344 28)
761 2306 921 2338 secunda
954 2316 1082 2339 manus
1119 2305 1183 2348 (C2)
1219 2310 1253 2338 et
1285 2308 1371 2340 alibi
1400 2310 1534 2350 passim
1568 2310 1682 2350 prima

102 2359 231 2383 manus
264 2351 333 2391 (uel
367 2350 579 2390 rubricator)
614 2350 755 2382 addidit
787 2351 812 2392 (I
839 2352 858 2391 ἓ
883 2354 979 2392 466³;
1019 2353 1047 2384 11
1072 2353 1091 2392 ξ
1114 2355 1166 2384 80.
1194 2355 1269 2385 409.
1298 2356 1372 2385 474.
1401 2356 1475 2385 492.
1503 2356 1579 2386 224.
1607 2357 1682 2387 2⁹29.

103 2399 184 2438 2355
218 2396 264 2428 111
290 2396 309 2436 ξ
338 2398 399 2427 439
432 2413 478 2418 -
510 2396 600 2428 aliae
634 2396 804 2428 rubricae
831 2406 926 2429 nunc
961 2398 1028 2438 legi
1054 2401 1253 2440 nequeunt,
1291 2399 1385 2431 conf.
1416 2399 1457 2431 Ca
1482 2408 1560 2440 pag.
1582 2410 1681 2432 xxvui

103 2441 206 2483 seq.),
240 2451 462 2483 quamquam
496 2451 567 2473 non
593 2441 637 2473 ab
672 2442 750 2483 ipso
776 2443 861 2474 Gaio
892 2445 1047 2485 scriptas
1073 2453 1151 2476 esse
1179 2446 1336 2486 constat,
1373 2446 1465 2476 intra
1490 2445 1555 2478 hos
1581 2448 1683 2478 unci-

103 2497 167 2519 nos
191 2485 232 2530 []
257 2489 332 2519 suis
359 2488 447 2519 locis
474 2488 509 2518 in
536 2488 613 2529 ipso
639 2487 835 2520 uerborum
857 2489 1076 2521 Gaianorum
1104 2491 1286 2531 contextu,
1313 2492 1353 2522 ut
1378 2490 1555 2523 lectorum
1584 2501 1682 2524 com-

102 2533 211 2565 modo
238 2534 523 2574 consuleremus,
549 2533 779 2566 retinuimus.

194 2578 224 2618 8)
251 2579 435 2611 Facillime
468 2588 509 2610 ea
543 2579 759 2619 glossemata
787 2579 1119 2621 deprehenduntur,
1154 2590 1247 2621 quae
1281 2581 1420 2613 codicis
1449 2581 1473 2614 C
1498 2585 1684 2615 corrector

100 2623 220 2663 (nobis
251 2621 299 2663 Ψ)
327 2626 462 2656 temere
488 2634 529 2656 ex
556 2633 621 2655 suo
648 2625 790 2664 ingenio
817 2626 968 2657 adiecit:
996 2635 1036 2658 ea
1064 2635 1134 2657 non
1161 2626 1270 2657 modo
1297 2636 1568 2668 superuacanea
1597 2632 1684 2660 sunt

100 2670 166 2709 (sic
184 2669 324 2702 indices
343 2672 378 2701 et
396 2672 608 2710 argumenta
626 2672 960 2713 paragraphorum)‚
987 2672 1052 2703 sed
1079 2680 1122 2703 ex
1139 2674 1241 2713 parte
1266 2681 1330 2713 per
1349 2675 1549 2706 sententiae
1576 2676 1683 2706 ratio-

102 2724 185 2747 nem
211 2724 256 2747 ne
283 2715 367 2747 ferri
394 2715 543 2756 quidem
569 2718 731 2756 possunt.
