1892 3095
273 194 482 234 ιςιε-ισ
786 219 896 225 .-
961 195 1012 234 12
1070 218 1181 224 —-

274 319 363 371 lex,
410 332 460 359 ne
507 320 571 358 cui
617 319 760 371 plures
807 320 1095 358 manumittere
1141 319 1261 358 liceat
1305 332 1428 372 quam
1462 333 1496 360 σ.
1567 319 1700 372 quod-

276 378 308 415 si
347 378 438 429 quis
476 389 605 416 unum
645 389 815 416 seruum
853 377 1016 415 omnino
1057 381 1130 415 aut
1166 376 1271 415 duos
1308 377 1451 427 habet,
1501 376 1554 416 ad
1596 377 1701 416 hano

275 433 410 485 legem
447 446 526 472 non
565 436 745 485 pertinet
781 438 821 472 et
856 432 949 472 ideo
980 433 1152 472 liberam
1185 433 1311 472 habet
1340 438 1584 485 potestatem
1616 446 1701 472 ma·-

210 489 532 529 44numittendi.
595 491 652 529 Ac
689 503 740 529 ne
780 489 833 529 ad
870 502 940 529 eos
978 490 1147 542 quidem
1179 491 1342 529 omnino
1374 491 1475 530 haec
1505 491 1573 530 lex
1605 502 1702 542 per-

275 548 392 597 tinet,
438 549 507 599 qui
555 549 642 586 sine
685 551 921 586 testamento
959 548 1261 586 manumittunt.
1330 549 1469 599 itaque
1505 547 1602 587 licet
1638 548 1734 596 iis,5

277 606 347 655 qui
379 604 559 643 uindicta
591 610 661 643 aut
691 615 819 643 censu
851 609 922 643 aut
941 604 1048 643 inter
1068 606 1218 646 amicos
1240 606 1545 656 manumittunt,
1577 609 1701 643 totam

278 661 471 700 familiam
504 661 696 712 liberare,
730 660 886 700 scilicet
917 662 951 700 si
983 661 1061 700 alia
1093 673 1214 701 causa
1247 674 1327 700 non
1360 660 1544 713 inpediat
1575 660 1703 700 iiber-

212 717 413 757 45tatem.
475 717 557 757 Sed
595 717 703 770 quod
741 717 793 757 de
830 729 1001 757 numero
1033 731 1252 758 seruorum
1282 722 1526 758 testamento
1558 729 1702 756 manu-

278 774 570 813 mittendorum
603 775 795 824 diximus,
838 777 891 813 ita
922 774 1223 827 intellegemus,
1256 788 1308 814 ne
1340 787 1538 827 umquam
1571 787 1622 814 ex
1654 787 1701 814 eo

275 844 471 883 numero,
510 844 561 870 ex
598 844 680 884 quo
720 831 886 871 dimidia
925 838 997 871 aut
1031 835 1150 872 tertia
1181 837 1251 871 aut
1282 837 1428 885 quarta
1459 838 1530 871 aut
1561 833 1756 884 quintam

275 900 371 939 pars
403 888 572 927 liberari
603 893 754 940 potest,
785 889 996 939 pauciores
1030 890 1310 928 manumittere
1338 889 1470 940 liceat,
1505 900 1629 941 quam
1651 901 1703 928 ex

277 945 534 984 antecedenti
570 957 744 985 numero
776 945 901 984 licuit.
964 951 1004 985 et
1034 947 1110 986 hoc
1140 948 1228 998 ipsa
1261 946 1342 998 leye
1372 947 1587 998 prouisum
1620 950 1701 994 est;

277 1007 364 1040 erat
395 1003 503 1041 enim
535 1014 633 1042 sane
665 1002 902 1053 absurdum,
941 1008 987 1042 ut
1016 1016 1038 1041 x
1070 1015 1289 1043 seruorum
1321 1003 1484 1042 domino
1517 1004 1702 1055 quinque

276 1059 455 1097 liberare
502 1058 660 1109 liceret,
712 1061 807 1112 quia
859 1072 994 1112 usque
1045 1060 1096 1100 ad
1144 1060 1354 1100 dimidiam
1403 1065 1563 1112 partem
1615 1061 1703 1099 eius

276 1117 438 1155 numeri
470 1118 757 1156 manumittere
789 1118 825 1156 ei
857 1117 1116 1168 conceditur,
1159 1130 1214 1156 xu
1248 1114 1422 1171 (autem)
1455 1129 1600 1157 seruos
1632 1117 1759 1155 lia-⁴5

278 1173 390 1212 beuti
429 1185 509 1212 non
546 1173 690 1225 plures
728 1173 871 1213 liceret
909 1176 1197 1214 manumittere
1239 1187 1363 1226 quam
1395 1185 1478 1223 ¹1¹¹3
1521 1175 1614 1212 item
1645 1174 1703 1212 eis

278 1231 348 1282 qui
378 1230 522 1281 plures
555 1243 680 1283 quam
710 1243 734 1269 x
765 1244 902 1284 neque
927 1229 1698 1283 'l————-—
1719 1242 1794 1275 pag.
1818 1235 1855 1264 ¹2

685 1331 738 1364 (24
763 1337 887 1359 uersus
911 1329 948 1359 in
975 1327 1000 1359 0
1023 1329 1087 1367 leyi
1111 1329 1292 1367 nequeunt)

212 1410 262 1447 46
278 1436 889 1442 —-—————-——-
914 1411 926 1466 Η
951 1425 1045 1452 nam
1077 1419 1117 1452 et
1148 1415 1180 1453 si
1211 1418 1440 1453 testamento
1471 1414 1633 1465 scriptis
1665 1414 1704 1452 in
1719 1424 1795 1457 pag.
1814 1416 1855 1446 43

279 1469 422 1509 orbem
454 1471 588 1509 seruis
619 1470 791 1510 libertas
824 1470 919 1510 data
951 1472 1015 1522 sit,
1048 1472 1143 1523 quia
1174 1470 1317 1510 nullus
1349 1469 1449 1510 ordo
1481 1471 1706 1510 manumis-
1718 1474 1759 1504 20

278 1528 402 1567 sionis
441 1528 670 1578 inuenitur,
709 1527 813 1567 nulli
849 1527 971 1567 liberi
1003 1533 1135 1580 erunt,
1168 1530 1264 1580 quia
1296 1528 1366 1567 lex
1395 1527 1509 1567 Fufia
1540 1528 1706 1568 Caninia

278 1597 384 1636 quae
431 1585 471 1623 in
516 1584 708 1624 fraudem
754 1586 843 1624 eius
888 1585 994 1624 facta
1039 1587 1120 1624 sint
1164 1585 1372 1624 rescindit.
1440 1589 1538 1624 sunt
1583 1586 1703 1624 etiam

1062 1662 1615 1672 mmmmmwixmvmx
1627 1665 1635 1669 κ

370 1723 383 1751 4
422 1728 440 1752 c
466 1720 611 1762 quodsi]
651 1721 675 1751 ὃ
714 1718 815 1762 cqsi?
859 1719 884 1752 C
919 1718 931 1762 ΙΙ
972 1722 1057 1751 4-3
1101 1723 1266 1759 expectes:
1312 1719 1443 1761 quodsi
1481 1720 1562 1761 quis
1591 1729 1703 1752 unum

279 1775 423 1798 seruum
472 1768 534 1798 aut
582 1766 673 1798 duos
720 1766 837 1808 habet,
886 1766 931 1798 ad
980 1775 1061 1797 eum
1111 1765 1198 1797 haec
1246 1765 1302 1797 lex
1341 1765 1488 1797 omnino
1522 1774 1592 1797 non
1626 1774 1705 1806 per-

279 1813 367 1843 tinet
388 1810 402 1853 ΙΙ
427 1813 442 1843 6
469 1811 557 1843 haec
585 1809 636 1853 0²,
669 1821 710 1843 ea
739 1811 777 1843 0²
807 1810 819 1853 ΙΙ
849 1814 867 1843 5
900 1812 1156 1844 manumittunt
1191 1810 1371 1852 Goeschen‚
1402 1811 1706 1843 manumittuntur

283 1856 328 1889 0n
367 1854 378 1901 ΙΙ
420 1860 436 1888 7
470 1857 641 1889 familiam
671 1856 726 1899 0¹,
766 1856 935 1889 familiam
967 1865 1070 1889 suam
1107 1854 1147 1888 0²
1179 1857 1291 1894 (suam
1324 1857 1491 1896 glossema
1516 1865 1588 1888 esse
1611 1857 1706 1888 uide-

280 1902 346 1942 tur)
374 1900 387 1943 ΙΙ
411 1905 450 1934 40
479 1902 628 1934 dimidia
653 1912 697 1934 ex
723 1903 909 1935 dimidiam
933 1906 1123 1934 correctum
1151 1901 1175 1933 0
1197 1900 1210 1944 ΙΙ
1235 1903 1359 1943 quinta
1383 1911 1427 1933 ex
1451 1902 1613 1942 quintam
1632 1910 1706 1933 cor-

278 1951 409 1980 rectum
436 1947 461 1979 0
481 1946 494 1990 ΙΙ
518 1951 557 1979 ⁴2
585 1948 671 1989 conf.
693 1947 750 1980 ΟΜ
773 1946 786 1990 ΙΙ
811 1950 850 1979 43
877 1947 1100 1979 abosurdum
1129 1946 1153 1979 C
1174 1945 1186 1989 ΙΙ
1211 1949 1252 1979 44
1279 1948 1356 1979 eius
1381 1948 1457 1978 add.
1480 1945 1529 1988 02,
1555 1955 1617 1979 om.
1640 1946 1679 1979 C²
1694 1945 1707 1988 ΙΙ

283 1996 324 2025 45
339 1993 552 2025 conceditur
567 2003 610 2025 xu
630 1991 765 2037 autem]
789 1993 957 2026 concedit
974 2003 1018 2024 xii
1040 1993 1089 2034 0¹,
1109 1994 1163 2024 cui
1186 1994 1339 2025 terriiiae
1358 1994 1640 2033 superscripsisse
1667 1991 1707 2024 02

279 2040 460 2071 uidebatur
475 2040 537 2071 soli
556 2040 721 2079 Bluhmio,
746 2039 833 2079 cons.
862 2038 902 2071 0²
919 2042 950 2071 et
971 2039 1028 2071 0¹²s
1052 2036 1065 2080 ΙΙ
1090 2040 1131 2069 46
1157 2038 1254 2078 item]
1285 2040 1320 2069 at
1341 2037 1365 2070 0
1383 2041 1464 2070 teste
1484 2038 1674 2070 Goescheno
1691 2037 1705 2078 ΙΙ

281 2087 320 2116 47
352 2088 427 2124 post
459 2093 574 2125 neque
604 2087 640 2116 in
669 2094 762 2117 noua
787 2087 937 2125 paytna,
965 2093 1052 2124 quae
1075 2093 1166 2115 nunc
1191 2085 1255 2125 teqi
1279 2086 1414 2125 nequit,
1444 2084 1550 2116 Gaius
1574 2084 1706 2123 reliqua

281 2131 320 2161 de
345 2139 381 2161 eo
406 2139 488 2161 casu
513 2131 683 2162 addidisse
705 2132 860 2171 uidetur,
895 2139 959 2170 quo
984 2131 1128 2161 dominis
1149 2130 1267 2169 plures
1291 2138 1393 2169 quam
1417 2138 1436 2160 x
1461 2138 1567 2169 neque
1588 2130 1706 2168 plures

281 2184 383 2215 quam
406 2185 467 2206 xxx
495 2185 613 2207 seruos
638 2176 835 2208 habentibus
864 2177 984 2216 plures
1013 2177 1256 2207 manumittere
1281 2176 1382 2206 licere
1406 2175 1582 2206 uideretur
1605 2183 1707 2214 quam

281 2223 338 2261 eis,
368 2223 425 2260 qui
451 2221 568 2261 plures
600 2230 701 2261 quam
725 2230 785 2252 xxx
810 2230 929 2252 seruos
959 2221 1149 2253 habuerint.
1201 2221 1358 2252 Fortasse
1388 2221 1459 2252 alia
1487 2221 1643 2260 exempta
1667 2221 1706 2251 de

280 2267 466 2298 maioribus
489 2269 642 2298 numeris
666 2275 848 2298 seruorum
878 2268 994 2299 addita
1019 2269 1129 2298 erant.
1188 2266 1422 2306 Sequebantur
1446 2274 1497 2305 ea,
1521 2266 1561 2297 de
1587 2265 1705 2305 quibus

280 2314 316 2343 in
342 2312 430 2351 Epit.
457 2315 488 2350 4,
514 2315 545 2352 2,
571 2315 592 2346 2
622 2312 673 2343 his
696 2312 810 2344 uerbis
835 2314 965 2352 agitur:
1007 2311 1099 2344 Nam
1132 2313 1161 2344 si
1187 2311 1318 2352 aliquis
1344 2313 1559 2343 testamento
1586 2310 1705 2351 plures

281 2358 534 2389 manumittere
565 2357 730 2399 uoluerit,
764 2366 871 2398 quam
908 2361 995 2399 quot
1020 2358 1179 2389 continet
1205 2366 1377 2389 numerus
1402 2365 1508 2398 supra
1534 2357 1701 2396 scriptus,

282 2403 370 2434 ordo
395 2403 597 2436 seruandus
623 2405 686 2444 est,
712 2405 750 2434 ut
774 2403 846 2435 illis
871 2404 1009 2435 tantum
1035 2402 1180 2435 libertas
1204 2403 1340 2443 ualeat,
1370 2403 1430 2443 qui
1457 2403 1555 2443 prius
1580 2410 1705 2433 manu-

283 2449 379 2480 missi
412 2451 512 2490 sunt,
548 2457 664 2490 usque
701 2449 747 2481 ad
783 2449 883 2481 illum
919 2457 1125 2490 numerum,
1163 2457 1268 2489 quem
1306 2448 1506 2489 explanatio
1547 2448 1707 2479 continet

283 2495 449 2535 superius
474 2494 748 2536 comprehensam
774 2495 836 2536 qui
862 2503 949 2525 uero
976 2496 1096 2535 postea
1125 2503 1233 2535 supra
1257 2495 1490 2525 constitutum
1516 2501 1704 2524 numerum

285 2541 496 2571 manumissi
524 2540 701 2580 leguntur,
728 2541 762 2571 in
788 2541 962 2572 seruitute
987 2548 1050 2571 eos
1075 2543 1212 2571 certum
1239 2542 1293 2571 est
1308 2547 1528 2581 permanere.
1570 2537 1705 2576 Quodsi

285 2594 353 2616 non
382 2586 589 2617 nominatim
615 2587 712 2617 serui
737 2586 794 2617 uei
820 2584 973 2617 ancillae
999 2586 1034 2616 in
1061 2587 1274 2616 testamento
1301 2584 1609 2625 manumittantur,
1641 2583 1706 2615 scd

284 2629 432 2662 contuse
469 2639 595 2663 omnes
631 2639 758 2663 seruos
793 2639 878 2663 suos
912 2629 970 2662 uel
1009 2630 1157 2662 ancillas
1190 2631 1220 2662 is
1250 2631 1312 2671 qui
1338 2631 1589 2661 testamentum
1622 2628 1707 2660 facit

284 2675 418 2708 liberos
453 2676 569 2708 facere
601 2677 774 2718 uoluerit,
806 2676 893 2708 nulli
924 2677 1065 2717 penitus
1091 2675 1192 2707 firma
1217 2684 1295 2707 esse
1321 2675 1463 2707 iubetur
1487 2674 1554 2706 hoc
1580 2675 1705 2706 ordine

284 2721 365 2752 duta
393 2721 549 2762 tibertus,
575 2722 637 2753 sed
664 2730 787 2753 omnes
814 2723 848 2753 in
873 2721 996 2753 seruili
1021 2721 1246 2763 condicione,
1272 2722 1332 2762 qui
1350 2721 1419 2752 hoc
1437 2720 1563 2752 ordine
1581 2729 1706 2751 manu-
