1918 3110
653 190 764 196 --
823 167 875 206 23
936 189 1048 195 —-
1355 169 1565 208 1§90—96

137 291 381 343 conceperit,
414 292 547 329 ciuem
579 292 805 329 Romanum
839 303 890 329 ex
918 302 965 329 ea
987 292 1113 342 nasci,
1145 292 1178 330 si
1199 304 1300 330 uero
1322 292 1449 344 uulgo
1472 307 1568 333 con-

71 351 115 390 9⁴
137 350 302 400 ceperit,
333 348 599 400 peregrinum
632 360 685 387 ex
716 359 763 387 ea
793 347 918 386 nasci.
973 348 1073 387 Item
1105 349 1139 387 si
1170 360 1252 400 qua
1282 349 1434 388 mulier
1464 353 1566 390 ciuis

137 408 314 445 Romana
345 417 550 457 praegnas
583 417 634 444 ex
663 403 1020 443 senatusconsulto
1043 405 1269 444 Claudiano
1292 406 1440 445 ancilla
1462 408 1567 446 facta

137 464 189 501 sit
226 462 279 501 ob
310 461 372 514 id,
404 462 517 514 quod
549 461 682 500 alieno
714 473 837 501 seruo
868 463 996 500 inuito
1028 467 1068 501 et
1100 462 1370 502 denuntiante
1402 463 1566 502 domino

136 521 225 558 eius
258 516 455 573 (coierit),
488 518 704 570 conplures
735 518 989 571 dz'stinyuunt
1020 524 1060 558 et
1081 520 1328 572 existimant,
1360 521 1600 573 siquidcm5

137 589 190 616 ex
219 576 339 615 iustis
371 577 526 628 nuptiis
554 579 774 626 conceptus
797 576 858 626 sit,
893 577 1027 614 ciuem
1051 578 1276 615 Romanum
1298 590 1351 616 ex
1373 590 1420 617 ea
1441 580 1567 630 nasci,

137 634 170 673 si
200 645 302 672 uero
333 633 461 685 uulgo
493 637 716 684 conceptus
748 633 811 683 sit,
843 644 1006 671 seruum
1037 635 1149 672 nasci
1181 635 1270 673 eius
1298 634 1415 674 cuius
1438 640 1569 674 mater

70 693 121 732 92
136 691 240 729 facta
279 695 389 730 esset
424 690 584 728 ancilla.
645 690 864 741 Peregrina
896 702 1064 742 quoque
1096 692 1128 729 si
1160 690 1288 743 uulgo
1320 694 1569 743 conceperit,

137 747 290 786 deinde
322 748 423 786 ciuis
455 749 632 786 Romana
666 744 777 799 (fiat)
811 751 844 785 ec
875 751 974 785 tunc
1004 749 1149 799 pariat,
1182 749 1315 787 ciuem
1342 750 1600 788 Romanunm

135 805 262 856 parit3
296 806 329 843 si
360 817 462 843 uero
485 817 537 843 ex
557 804 778 855 peregrino
801 802 816 856 ΙΙ
840 803 1070 843 secundum
1094 805 1208 857 leges
1230 818 1452 858 moresque
1474 819 1571 858 per-
1583 823 1649 855 pag
1679 817 1721 845 25

136 862 374 914 egrinorum
397 861 642 912 conceperit,
680 862 734 899 ita
764 861 934 900 uidetur
965 874 1018 900 ex
1049 863 1422 914 senatusconsulto,
1456 863 1570 916 quod

136 924 304 957 auctore
335 918 433 957 diuo
461 919 666 957 Hadriano
698 918 851 956 factum
884 924 958 970 est,
991 920 1125 958 ciuem
1157 921 1383 959 Romanum
1405 933 1569 973 parere,

137 976 170 1014 si
202 980 243 1015 et
271 976 378 1026 patri
411 976 500 1015 eius
533 976 677 1014 ciuitas
711 977 888 1014 Romana
920 975 1111 1015 donetur.

70 1034 120 1073 93
250 1033 292 1072 Si
326 1034 574 1085 peregrinus
612 1032 691 1071 sibi
730 1032 957 1085 liberisque
990 1034 1076 1072 suis
1108 1034 1315 1072 ciuitatem
1347 1036 1569 1073 Romanam

136 1090 314 1142 petierit,
344 1102 426 1129 non
458 1089 577 1128 aliter
608 1089 681 1128 filii
712 1090 753 1128 in
784 1094 987 1141 potestate
1019 1091 1108 1130 eius
1141 1090 1252 1141 fient,
1286 1103 1410 1143 quam
1441 1093 1474 1131 si
1496 1093 1625 1133 ina-⁴5

135 1151 304 1198 perator
343 1159 412 1186 eos
450 1148 490 1186 in
529 1150 775 1199 potestatem
812 1146 1040 1200 redegerit;
1081 1147 1194 1200 quod
1236 1149 1289 1186 ita
1331 1148 1498 1188 demum
1536 1150 1569 1188 is

136 1204 243 1253 facit,
277 1205 312 1243 si
343 1216 468 1243 causa
499 1205 659 1257 cognita
691 1205 973 1243 aestimauerit
1002 1205 1078 1243 hoc
1100 1205 1194 1244 filiis
1218 1205 1429 1256 expedire.
1480 1206 1572 1245 dili-

136 1262 299 1313 gentius
331 1266 468 1301 autem
502 1262 772 1313 exactiusque
796 1273 963 1300 causam
987 1263 1194 1314 cognoscit
1217 1261 1268 1301 de
1290 1263 1569 1314 inpuberibus

138 1317 488 1371 absentibusque;
528 1323 567 1357 et
605 1318 707 1357 haec
738 1319 791 1357 ita
824 1318 957 1358 edicto
990 1318 1077 1358 diui
1109 1319 1305 1358 Hadriani
1337 1321 1571 1372 significan-

71 1376 122 1414 94
137 1380 216 1414 tur.
279 1376 381 1414 Item
419 1377 453 1415 si
490 1376 583 1428 quis
623 1387 716 1414 cum
758 1388 889 1414 uxore
928 1381 1154 1428 praegnate
1195 1377 1358 1416 ciuitate
1392 1379 1570 1416 Romana
1586 1389 1625 1417 20

138 1432 314 1472 donatus
338 1433 401 1483 sit,
436 1433 627 1485 quamuis
650 1434 683 1471 is
707 1434 778 1485 qui
799 1434 996 1485 nascitur,
1031 1440 1076 1472 ut
1096 1445 1224 1485 supra
1247 1433 1435 1487 diximus,
1466 1436 1569 1474 ciuis

136 1491 342 1529 Romanus
375 1491 438 1540 sit,
471 1495 609 1529 tamen
640 1491 681 1528 in
712 1494 916 1541 potestate
947 1492 1076 1542 patris
1108 1503 1189 1529 non
1222 1490 1285 1539 fit3
1319 1491 1447 1544 idque
1470 1492 1572 1532 sub-

136 1547 358 1598 scriptione
391 1546 481 1586 diuz‘
510 1546 704 1586 Hadriani
738 1548 1010 1599 significatur3
1052 1560 1133 1600 qua
1167 1547 1218 1587 de
1251 1560 1376 1587 causa
1408 1550 1479 1601 qui
1510 1551 1572 1588 in-

135 1603 293 1656 tellegit
325 1615 497 1643 uxorem
529 1616 646 1643 suam
680 1615 772 1643 esse
803 1610 1085 1656 praegnatem,
1120 1604 1219 1644 dum
1252 1606 1459 1645 ciuitatem
1492 1606 1571 1646 sibi

136 1665 178 1700 et
206 1662 327 1700 uxori
357 1661 410 1700 ab
442 1662 690 1713 imperatore
721 1663 835 1713 petit,
869 1662 992 1701 simul
1018 1662 1070 1701 ab
1094 1662 1241 1702 eodem
1263 1668 1407 1714 petere
1431 1663 1626 1715 debet,25

137 1722 183 1757 ut
214 1731 310 1757 eum
341 1719 413 1771 qui
443 1723 566 1758 natus
599 1719 676 1758 erit
705 1719 746 1757 in
777 1724 981 1771 potestate
1013 1732 1092 1759 sua
1122 1719 1284 1759 habeat.

71 1775 122 1814 95
250 1774 342 1815 Alia
373 1787 498 1815 causa
530 1780 593 1815 est
623 1787 785 1828 eorum,
826 1778 897 1829 qui
930 1777 1029 1815 Latii
1060 1778 1151 1816 iure
1184 1789 1277 1816 cum
1309 1776 1452 1817 liberis
1484 1779 1570 1818 suis

137 1831 190 1871 ad
222 1833 430 1872 ciuitatem
462 1834 684 1872 Romanam
715 1835 987 1885 perueniunt;
1020 1846 1114 1873 nam
1136 1835 1283 1873 horum
1306 1835 1347 1873 in
1368 1840 1571 1886 potestate

138 1889 242 1928 fiunt
271 1889 405 1929 liberi.
458 1890 566 1943 quod
596 1891 660 1929 ius
693 1890 948 1943 quibusdam
978 1893 1210 1943 peregrinis
1239 1892 1475 1931 ciuitatibus
1499 1893 1572 1932 da—

72 1947 123 1985 96
137 1951 224 1986 tum
252 1952 316 1986 est
334 1946 406 1987 uel
426 1959 450 1986 a
470 1947 627 1999 populo
650 1949 830 1987 Romano
852 1948 923 1987 uel
944 1960 967 1986 3
989 1953 1136 1988 senatu
1157 1948 1227 1988 uel
1249 1960 1271 1987 a
1294 1947 1492 2002 Caelsare.
1515 1973 1571 1978 —
1586 1960 1626 1988 30

748 2010 820 2044 aut
850 2006 982 2044 maius
1016 2010 1079 2045 est
1108 2004 1278 2057 Latiium
1310 2011 1382 2044 aut
1413 2008 1570 2047 minus:

1479 2119 1572 2129 Μ

231 2172 274 2205 ad
299 2174 318 2213 ξ
345 2175 478 2205 93-96
504 2173 594 2205 conf.
613 2173 700 2213 Aug.
727 2173 747 2212 ἓ
773 2173 929 2213 4-811ἓ
955 2175 994 2204 94
1021 2173 1140 2214 supra]
1166 2175 1184 2213 ξ
1212 2178 1265 2206 92.

136 2256 1571 2276 mmmmmmmm

226 2330 246 2360 2
272 2330 370 2360 nasci
393 2329 573 2371 Goeschen‚
601 2332 762 2363 nascitur
790 2331 832 2364 Cn
857 2331 870 2372 ΙΙ
894 2335 912 2364 5
939 2334 1064 2365 coierit
1081 2335 1212 2366 addidit
1230 2335 1396 2375 Hollwe9;
1421 2335 1570 2375 fortasse

136 2373 292 2416 ›coierit,
316 2375 473 2416 plerique
491 2376 728 2416 distinguunt«
751 2379 865 2417 polius
890 2379 1104 2410 scribendum
1129 2384 1188 2421 est,
1214 2381 1300 2420 conf.
1324 2380 1365 2412 Ca
1381 2381 1396 2421 ΙΙ
1415 2384 1432 2412 6
1453 2382 1569 2413 iustiis

138 2417 164 2451 G
192 2419 208 2460 ΙΙ
240 2422 258 2450 8
285 2423 380 2452 esset
407 2420 446 2462 C,
480 2425 636 2461 expectes
666 2424 713 2454 sit
741 2424 797 2454 uel
821 2426 875 2454 est
902 2425 962 2463 (sic
989 2425 1171 2465 Goeschen)
1204 2426 1217 2466 11
1251 2428 1291 2457 49
1319 2426 1570 2465 significantur

138 2464 319 2507 Goeschen,
344 2466 568 2507 significatur
596 2467 621 2500 C
652 2468 665 2508 ΙΙ
698 2470 733 2499 24
766 2468 924 2501 diximus
953 2469 1134 2512 Goeschen‚
1161 2471 1232 2503 dixi
1262 2471 1288 2503 C
1318 2471 1333 2512 ΙΙ
1366 2473 1459 2504 ciuis
1477 2473 1569 2504 Hou-

133 2518 218 2552 ωερ,
243 2512 344 2543 ciues
378 2512 403 2545 C
434 2512 449 2553 ΙΙ
481 2515 521 2544 23
557 2512 631 2544 diui
660 2513 847 2555 Goeschen,
873 2515 969 2547 diuis
999 2516 1023 2548 C
1054 2515 1068 2556 ΙΙ
1101 2518 1142 2548 26
1169 2525 1273 2548 suam
1301 2516 1326 2549 C
1356 2517 1370 2558 ΙΙ
1404 2521 1444 2549 29
1471 2520 1568 2559 quod

138 2554 319 2598 Goeschen,
349 2566 419 2598 que
454 2557 509 2600 ΟΠ,
541 2558 627 2599 cons.
663 2559 704 2591 0⁸·
731 2568 814 2599 paq.
841 2564 906 2592 294
938 2561 998 2601 inf.
1032 2561 1045 2602 ΙΙ
1079 2565 1114 2592 34
1147 2566 1224 2594 ante
1249 2565 1310 2594 aut
1336 2565 1470 2606 maim,
1501 2566 1569 2595 nisi

130 2604 207 2640 post
235 2604 384 2642 spatium
412 2605 509 2636 initio
535 2605 753 2645 parayraphi
781 2615 931 2638 uacuum
962 2608 1119 2638 relictum
1152 2610 1313 2640 ceterum
1345 2610 1400 2640 uel
1425 2610 1487 2641 sed
1514 2611 1569 2641 uel

134 2647 254 2679 similis
274 2650 450 2688 particula
474 2651 664 2690 supplenda
689 2654 750 2690 est,
779 2652 863 2683 talia
878 2653 950 2692 fere
967 2654 1120 2692 suppleri
1133 2662 1232 2693 posse
1247 2655 1424 2687 uidentur:
1453 2656 1567 2688 Huius

135 2693 254 2724 autem
281 2695 370 2726 iuris
395 2694 488 2727 duae
514 2697 654 2737 species
680 2698 778 2737 sunt;
804 2707 898 2729 nam.
