<?xml version="1.0" encoding="UTF-8"?>
<!DOCTYPE html PUBLIC "-//W3C//DTD XHTML 1.0 Transitional//EN"
    "http://www.w3.org/TR/xhtml1/DTD/xhtml1-transitional.dtd">
<html xmlns="http://www.w3.org/1999/xhtml" xml:lang="en" lang="en">
 <head>
  <title>
</title>
<meta http-equiv="Content-Type" content="text/html;charset=utf-8" />
  <meta name='ocr-system' content='tesseract 3.04.00' />
  <meta name='ocr-capabilities' content='ocr_page ocr_carea ocr_par ocr_line ocrx_word'/>
</head>
<body>
  <div class='ocr_page' id='page_1' title='image "./collectiolibroru01krue_0017.png"; bbox 0 0 1872 3095; ppageno 0'>
   <div class='ocr_carea' id='block_1_1' title="bbox 663 204 777 210">
    <p class='ocr_par' dir='ltr' id='par_1_1' title="bbox 663 204 777 210">
     <span class='ocr_line' id='line_1_1' title="bbox 663 204 777 210; baseline 0 0"><span class='ocrx_word' id='word_1_1' title='bbox 663 204 777 210; x_wconf 95' lang='lat' dir='ltr'> </span> 
     </span>
    </p>
   </div>
   <div class='ocr_carea' id='block_1_2' title="bbox 834 195 906 220">
    <p class='ocr_par' dir='ltr' id='par_1_2' title="bbox 834 195 906 220">
     <span class='ocr_line' id='line_1_2' title="bbox 834 195 906 220; baseline 0 0"><span class='ocrx_word' id='word_1_2' title='bbox 834 195 906 220; x_wconf 81' lang='lat' dir='ltr'>xm</span> 
     </span>
    </p>
   </div>
   <div class='ocr_carea' id='block_1_3' title="bbox 966 204 1078 210">
    <p class='ocr_par' dir='ltr' id='par_1_3' title="bbox 966 204 1078 210">
     <span class='ocr_line' id='line_1_3' title="bbox 966 204 1078 210; baseline 0 0"><span class='ocrx_word' id='word_1_3' title='bbox 966 204 1078 210; x_wconf 95' lang='lat' dir='ltr'> </span> 
     </span>
    </p>
   </div>
   <div class='ocr_carea' id='block_1_4' title="bbox 75 305 1659 1897">
    <p class='ocr_par' dir='ltr' id='par_1_4' title="bbox 81 305 1658 586">
     <span class='ocr_line' id='line_1_4' title="bbox 83 305 1657 361; baseline 0.003 -17"><span class='ocrx_word' id='word_1_4' title='bbox 83 305 368 344; x_wconf 83' lang='lat' dir='ltr'>difficillimam</span> <span class='ocrx_word' id='word_1_5' title='bbox 411 306 601 346; x_wconf 82' lang='lat' dir='ltr'>editionis</span> <span class='ocrx_word' id='word_1_6' title='bbox 639 311 800 358; x_wconf 89' lang='lat' dir='ltr'>partem</span> <span class='ocrx_word' id='word_1_7' title='bbox 843 306 931 345; x_wconf 87' lang='lat' dir='ltr'>fere</span> <span class='ocrx_word' id='word_1_8' title='bbox 971 305 1086 345; x_wconf 89' lang='lat' dir='ltr'>solus</span> <span class='ocrx_word' id='word_1_9' title='bbox 1120 306 1424 346; x_wconf 89' lang='lat' dir='ltr'>administrauit</span> <span class='ocrx_word' id='word_1_10' title='bbox 1454 309 1657 361; x_wconf 85' lang='lat' dir='ltr'>Krueger,</span> 
     </span>
     <span class='ocr_line' id='line_1_5' title="bbox 83 362 1657 417; baseline 0.003 -16"><span class='ocrx_word' id='word_1_11' title='bbox 83 364 167 414; x_wconf 92' lang='lat' dir='ltr'>qui,</span> <span class='ocrx_word' id='word_1_12' title='bbox 200 370 402 415; x_wconf 88' lang='lat' dir='ltr'>quantum</span> <span class='ocrx_word' id='word_1_13' title='bbox 434 364 524 402; x_wconf 90' lang='lat' dir='ltr'>fieri</span> <span class='ocrx_word' id='word_1_14' title='bbox 554 369 713 415; x_wconf 88' lang='lat' dir='ltr'>posset,</span> <span class='ocrx_word' id='word_1_15' title='bbox 751 362 804 401; x_wconf 85' lang='lat' dir='ltr'>ad</span> <span class='ocrx_word' id='word_1_16' title='bbox 835 375 883 401; x_wconf 86' lang='lat' dir='ltr'>ea</span> <span class='ocrx_word' id='word_1_17' title='bbox 911 363 1203 414; x_wconf 89' lang='lat' dir='ltr'>supplementa</span> <span class='ocrx_word' id='word_1_18' title='bbox 1241 376 1285 402; x_wconf 89' lang='lat' dir='ltr'>se</span> <span class='ocrx_word' id='word_1_19' title='bbox 1317 366 1657 417; x_wconf 89' lang='lat' dir='ltr'>accommodauit,</span> 
     </span>
     <span class='ocr_line' id='line_1_6' title="bbox 82 419 1656 472; baseline 0.003 -14"><span class='ocrx_word' id='word_1_20' title='bbox 82 432 190 471; x_wconf 88' lang='lat' dir='ltr'>quae</span> <span class='ocrx_word' id='word_1_21' title='bbox 231 419 283 459; x_wconf 92' lang='lat' dir='ltr'>ab</span> <span class='ocrx_word' id='word_1_22' title='bbox 324 420 414 459; x_wconf 89' lang='lat' dir='ltr'>aliis</span> <span class='ocrx_word' id='word_1_23' title='bbox 456 422 558 460; x_wconf 82' lang='lat' dir='ltr'>uiriS</span> <span class='ocrx_word' id='word_1_24' title='bbox 596 421 725 459; x_wconf 89' lang='lat' dir='ltr'>doctis</span> <span class='ocrx_word' id='word_1_25' title='bbox 766 421 858 458; x_wconf 92' lang='lat' dir='ltr'>ueri</span> <span class='ocrx_word' id='word_1_26' title='bbox 893 432 974 459; x_wconf 88' lang='lat' dir='ltr'>non</span> <span class='ocrx_word' id='word_1_27' title='bbox 1018 419 1272 459; x_wconf 85' lang='lat' dir='ltr'>dissimiliter</span> <span class='ocrx_word' id='word_1_28' title='bbox 1312 423 1525 472; x_wconf 87' lang='lat' dir='ltr'>proposita</span> <span class='ocrx_word' id='word_1_29' title='bbox 1564 435 1656 462; x_wconf 89' lang='lat' dir='ltr'>esse</span> 
     </span>
     <span class='ocr_line' id='line_1_7' title="bbox 81 476 1658 529; baseline 0.002 -14"><span class='ocrx_word' id='word_1_30' title='bbox 81 482 289 527; x_wconf 82' lang='lat' dir='ltr'>censeret,</span> <span class='ocrx_word' id='word_1_31' title='bbox 337 490 431 516; x_wconf 91' lang='lat' dir='ltr'>cum</span> <span class='ocrx_word' id='word_1_32' title='bbox 470 478 715 528; x_wconf 85' lang='lat' dir='ltr'>praesertim</span> <span class='ocrx_word' id='word_1_33' title='bbox 752 476 830 515; x_wconf 91' lang='lat' dir='ltr'>hoc</span> <span class='ocrx_word' id='word_1_34' title='bbox 866 481 948 515; x_wconf 89' lang='lat' dir='ltr'>toto</span> <span class='ocrx_word' id='word_1_35' title='bbox 980 476 1207 528; x_wconf 90' lang='lat' dir='ltr'>supplendi</span> <span class='ocrx_word' id='word_1_36' title='bbox 1239 477 1372 516; x_wconf 90' lang='lat' dir='ltr'>officio</span> <span class='ocrx_word' id='word_1_37' title='bbox 1403 479 1495 529; x_wconf 91' lang='lat' dir='ltr'>ipsa</span> <span class='ocrx_word' id='word_1_38' title='bbox 1524 479 1658 518; x_wconf 89' lang='lat' dir='ltr'>uerba</span> 
     </span>
     <span class='ocr_line' id='line_1_8' title="bbox 81 533 1472 586; baseline 0.001 -14"><span class='ocrx_word' id='word_1_39' title='bbox 81 533 235 572; x_wconf 89' lang='lat' dir='ltr'>Gaiana</span> <span class='ocrx_word' id='word_1_40' title='bbox 264 535 507 585; x_wconf 89' lang='lat' dir='ltr'>recuperari</span> <span class='ocrx_word' id='word_1_41' title='bbox 541 535 610 573; x_wconf 80' lang='lat' dir='ltr'>uix</span> <span class='ocrx_word' id='word_1_42' title='bbox 639 545 763 585; x_wconf 91' lang='lat' dir='ltr'>posse</span> <span class='ocrx_word' id='word_1_43' title='bbox 794 534 983 586; x_wconf 88' lang='lat' dir='ltr'>Krueger</span> <span class='ocrx_word' id='word_1_44' title='bbox 1012 546 1176 572; x_wconf 91' lang='lat' dir='ltr'>mecum</span> <span class='ocrx_word' id='word_1_45' title='bbox 1208 536 1472 574; x_wconf 83' lang='lat' dir='ltr'>consentiret.</span> 
     </span>
    </p>

    <p class='ocr_par' dir='ltr' id='par_1_5' title="bbox 78 589 1659 700">
     <span class='ocr_line' id='line_1_9' title="bbox 194 589 1659 642; baseline 0 -12"><span class='ocrx_word' id='word_1_46' title='bbox 194 591 397 642; x_wconf 86' lang='lat' dir='ltr'>Superest</span> <span class='ocrx_word' id='word_1_47' title='bbox 426 596 473 630; x_wconf 91' lang='lat' dir='ltr'>ut</span> <span class='ocrx_word' id='word_1_48' title='bbox 504 590 556 630; x_wconf 90' lang='lat' dir='ltr'>de</span> <span class='ocrx_word' id='word_1_49' title='bbox 587 595 780 642; x_wconf 70' lang='lat' dir='ltr'>typorum</span> <span class='ocrx_word' id='word_1_50' title='bbox 818 589 1054 630; x_wconf 86' lang='lat' dir='ltr'>discrimine</span> <span class='ocrx_word' id='word_1_51' title='bbox 1093 591 1279 630; x_wconf 90' lang='lat' dir='ltr'>dicamus</span> <span class='ocrx_word' id='word_1_52' title='bbox 1318 597 1359 630; x_wconf 91' lang='lat' dir='ltr'>et</span> <span class='ocrx_word' id='word_1_53' title='bbox 1395 591 1446 631; x_wconf 93' lang='lat' dir='ltr'>de</span> <span class='ocrx_word' id='word_1_54' title='bbox 1487 591 1659 631; x_wconf 91' lang='lat' dir='ltr'>adnota-</span> 
     </span>
     <span class='ocr_line' id='line_1_10' title="bbox 78 647 1180 700; baseline 0.001 -15"><span class='ocrx_word' id='word_1_55' title='bbox 78 647 277 699; x_wconf 84' lang='lat' dir='ltr'>tionibus,</span> <span class='ocrx_word' id='word_1_56' title='bbox 310 648 465 700; x_wconf 89' lang='lat' dir='ltr'>quibus</span> <span class='ocrx_word' id='word_1_57' title='bbox 496 648 602 686; x_wconf 88' lang='lat' dir='ltr'>hanc</span> <span class='ocrx_word' id='word_1_58' title='bbox 633 647 856 686; x_wconf 87' lang='lat' dir='ltr'>editionem</span> <span class='ocrx_word' id='word_1_59' title='bbox 887 648 1180 687; x_wconf 82' lang='lat' dir='ltr'>instruximus:</span> 
     </span>
    </p>

    <p class='ocr_par' dir='ltr' id='par_1_6' title="bbox 75 703 1659 1897">
     <span class='ocr_line' id='line_1_11' title="bbox 193 703 1659 756; baseline 0.001 -13"><span class='ocrx_word' id='word_1_60' title='bbox 193 704 331 756; x_wconf 84' lang='lat' dir='ltr'>Atque</span> <span class='ocrx_word' id='word_1_61' title='bbox 375 706 556 756; x_wconf 89' lang='lat' dir='ltr'>primum</span> <span class='ocrx_word' id='word_1_62' title='bbox 602 703 774 756; x_wconf 89' lang='lat' dir='ltr'>quidem</span> <span class='ocrx_word' id='word_1_63' title='bbox 819 705 860 743; x_wconf 88' lang='lat' dir='ltr'>in</span> <span class='ocrx_word' id='word_1_64' title='bbox 906 704 1135 744; x_wconf 90' lang='lat' dir='ltr'>uerborum</span> <span class='ocrx_word' id='word_1_65' title='bbox 1173 705 1421 744; x_wconf 88' lang='lat' dir='ltr'>Gaianorum</span> <span class='ocrx_word' id='word_1_66' title='bbox 1462 709 1659 744; x_wconf 83' lang='lat' dir='ltr'>contextu</span> 
     </span>
     <span class='ocr_line' id='line_1_12' title="bbox 78 761 1656 813; baseline 0 -14"><span class='ocrx_word' id='word_1_67' title='bbox 78 761 156 800; x_wconf 90' lang='lat' dir='ltr'>hoc</span> <span class='ocrx_word' id='word_1_68' title='bbox 187 762 276 813; x_wconf 88' lang='lat' dir='ltr'>ipso</span> <span class='ocrx_word' id='word_1_69' title='bbox 314 766 507 813; x_wconf 72' lang='lat' dir='ltr'>typorum</span> <span class='ocrx_word' id='word_1_70' title='bbox 546 773 699 813; x_wconf 78' lang='lat' dir='ltr'>genere</span> <span class='ocrx_word' id='word_1_71' title='bbox 738 773 820 813; x_wconf 92' lang='lat' dir='ltr'>quo</span> <span class='ocrx_word' id='word_1_72' title='bbox 858 761 899 799; x_wconf 92' lang='lat' dir='ltr'>in</span> <span class='ocrx_word' id='word_1_73' title='bbox 937 762 1014 800; x_wconf 90' lang='lat' dir='ltr'>hac</span> <span class='ocrx_word' id='word_1_74' title='bbox 1048 761 1305 813; x_wconf 80' lang='lat' dir='ltr'>praefatione</span> <span class='ocrx_word' id='word_1_75' title='bbox 1350 762 1656 813; x_wconf 76' lang='lat' dir='ltr'>typographum</span> 
     </span>
     <span class='ocr_line' id='line_1_13' title="bbox 79 818 1656 869; baseline 0.001 -13"><span class='ocrx_word' id='word_1_76' title='bbox 79 819 139 856; x_wconf 89' lang='lat' dir='ltr'>uti</span> <span class='ocrx_word' id='word_1_77' title='bbox 176 819 395 869; x_wconf 90' lang='lat' dir='ltr'>iussimus,</span> <span class='ocrx_word' id='word_1_78' title='bbox 437 830 638 869; x_wconf 82' lang='lat' dir='ltr'>expressa</span> <span class='ocrx_word' id='word_1_79' title='bbox 677 830 758 856; x_wconf 91' lang='lat' dir='ltr'>non</span> <span class='ocrx_word' id='word_1_80' title='bbox 798 823 896 856; x_wconf 87' lang='lat' dir='ltr'>sunt</span> <span class='ocrx_word' id='word_1_81' title='bbox 934 820 1011 857; x_wconf 92' lang='lat' dir='ltr'>nisi</span> <span class='ocrx_word' id='word_1_82' title='bbox 1049 831 1097 857; x_wconf 92' lang='lat' dir='ltr'>ea</span> <span class='ocrx_word' id='word_1_83' title='bbox 1136 819 1270 858; x_wconf 85' lang='lat' dir='ltr'>uerba</span> <span class='ocrx_word' id='word_1_84' title='bbox 1311 831 1441 858; x_wconf 88' lang='lat' dir='ltr'>eaeue</span> <span class='ocrx_word' id='word_1_85' title='bbox 1482 818 1656 868; x_wconf 77' lang='lat' dir='ltr'>litterae,</span> 
     </span>
     <span class='ocr_line' id='line_1_14' title="bbox 80 874 1655 927; baseline 0.001 -14"><span class='ocrx_word' id='word_1_86' title='bbox 80 887 371 927; x_wconf 89' lang='lat' dir='ltr'>quaecumque</span> <span class='ocrx_word' id='word_1_87' title='bbox 404 881 514 914; x_wconf 90' lang='lat' dir='ltr'>certo</span> <span class='ocrx_word' id='word_1_88' title='bbox 546 875 617 914; x_wconf 89' lang='lat' dir='ltr'>uel</span> <span class='ocrx_word' id='word_1_89' title='bbox 649 876 740 914; x_wconf 90' lang='lat' dir='ltr'>ueri</span> <span class='ocrx_word' id='word_1_90' title='bbox 772 874 977 914; x_wconf 85' lang='lat' dir='ltr'>simillime</span> <span class='ocrx_word' id='word_1_91' title='bbox 1008 877 1050 914; x_wconf 89' lang='lat' dir='ltr'>in</span> <span class='ocrx_word' id='word_1_92' title='bbox 1086 876 1115 914; x_wconf 89' lang='lat' dir='ltr'><strong><em>C</em></strong></span> <span class='ocrx_word' id='word_1_93' title='bbox 1144 881 1215 914; x_wconf 90' lang='lat' dir='ltr'>aut</span> <span class='ocrx_word' id='word_1_94' title='bbox 1245 887 1267 914; x_wconf 90' lang='lat' dir='ltr'>a</span> <span class='ocrx_word' id='word_1_95' title='bbox 1299 888 1364 914; x_wconf 91' lang='lat' dir='ltr'>me</span> <span class='ocrx_word' id='word_1_96' title='bbox 1403 880 1475 914; x_wconf 88' lang='lat' dir='ltr'>aut</span> <span class='ocrx_word' id='word_1_97' title='bbox 1511 875 1563 914; x_wconf 87' lang='lat' dir='ltr'>ab</span> <span class='ocrx_word' id='word_1_98' title='bbox 1597 877 1655 914; x_wconf 92' lang='lat' dir='ltr'>eis</span> 
     </span>
     <span class='ocr_line' id='line_1_15' title="bbox 79 931 1656 984; baseline 0.001 -14"><span class='ocrx_word' id='word_1_99' title='bbox 79 933 150 983; x_wconf 91' lang='lat' dir='ltr'>qui</span> <span class='ocrx_word' id='word_1_100' title='bbox 187 936 281 970; x_wconf 86' lang='lat' dir='ltr'>ante</span> <span class='ocrx_word' id='word_1_101' title='bbox 322 944 389 971; x_wconf 91' lang='lat' dir='ltr'>me</span> <span class='ocrx_word' id='word_1_102' title='bbox 429 932 541 971; x_wconf 92' lang='lat' dir='ltr'>hunc</span> <span class='ocrx_word' id='word_1_103' title='bbox 577 931 761 971; x_wconf 90' lang='lat' dir='ltr'>codicem</span> <span class='ocrx_word' id='word_1_104' title='bbox 803 937 1081 971; x_wconf 83' lang='lat' dir='ltr'>excusserunt</span> <span class='ocrx_word' id='word_1_105' title='bbox 1117 932 1263 984; x_wconf 87' lang='lat' dir='ltr'>dispici</span> <span class='ocrx_word' id='word_1_106' title='bbox 1300 937 1537 984; x_wconf 89' lang='lat' dir='ltr'>potuerunt.</span> <span class='ocrx_word' id='word_1_107' title='bbox 1599 933 1656 971; x_wconf 89' lang='lat' dir='ltr'>Ea</span> 
     </span>
     <span class='ocr_line' id='line_1_16' title="bbox 79 988 1657 1041; baseline 0.001 -15"><span class='ocrx_word' id='word_1_108' title='bbox 79 1000 187 1040; x_wconf 90' lang='lat' dir='ltr'>quae</span> <span class='ocrx_word' id='word_1_109' title='bbox 218 990 259 1027; x_wconf 89' lang='lat' dir='ltr'>in</span> <span class='ocrx_word' id='word_1_110' title='bbox 290 988 522 1028; x_wconf 89' lang='lat' dir='ltr'>uerborum</span> <span class='ocrx_word' id='word_1_111' title='bbox 553 994 749 1028; x_wconf 86' lang='lat' dir='ltr'>contextu</span> <span class='ocrx_word' id='word_1_112' title='bbox 779 989 985 1028; x_wconf 75' lang='lat' dir='ltr'>inclinatis</span> <span class='ocrx_word' id='word_1_113' title='bbox 1016 989 1163 1028; x_wconf 86' lang='lat' dir='ltr'>litteris</span> <span class='ocrx_word' id='word_1_114' title='bbox 1197 1001 1398 1041; x_wconf 82' lang='lat' dir='ltr'>expressa</span> <span class='ocrx_word' id='word_1_115' title='bbox 1429 995 1542 1040; x_wconf 90' lang='lat' dir='ltr'>sunt,</span> <span class='ocrx_word' id='word_1_116' title='bbox 1586 995 1657 1028; x_wconf 89' lang='lat' dir='ltr'>aut</span> 
     </span>
     <span class='ocr_line' id='line_1_17' title="bbox 77 1044 1658 1098; baseline 0.001 -15"><span class='ocrx_word' id='word_1_117' title='bbox 77 1046 117 1084; x_wconf 91' lang='lat' dir='ltr'>in</span> <span class='ocrx_word' id='word_1_118' title='bbox 148 1044 255 1084; x_wconf 92' lang='lat' dir='ltr'>libro</span> <span class='ocrx_word' id='word_1_119' title='bbox 290 1046 320 1084; x_wconf 88' lang='lat' dir='ltr'><strong><em>C</em></strong></span> <span class='ocrx_word' id='word_1_120' title='bbox 347 1045 429 1098; x_wconf 92' lang='lat' dir='ltr'>legi</span> <span class='ocrx_word' id='word_1_121' title='bbox 461 1045 632 1098; x_wconf 90' lang='lat' dir='ltr'>quidem</span> <span class='ocrx_word' id='word_1_122' title='bbox 663 1058 745 1085; x_wconf 92' lang='lat' dir='ltr'>non</span> <span class='ocrx_word' id='word_1_123' title='bbox 775 1050 1002 1098; x_wconf 85' lang='lat' dir='ltr'>potuerunt</span> <span class='ocrx_word' id='word_1_124' title='bbox 1028 1046 1099 1085; x_wconf 93' lang='lat' dir='ltr'>uel</span> <span class='ocrx_word' id='word_1_125' title='bbox 1121 1059 1143 1085; x_wconf 92' lang='lat' dir='ltr'>a</span> <span class='ocrx_word' id='word_1_126' title='bbox 1165 1046 1404 1098; x_wconf 88' lang='lat' dir='ltr'>legentibus</span> <span class='ocrx_word' id='word_1_127' title='bbox 1427 1059 1521 1085; x_wconf 92' lang='lat' dir='ltr'>cum</span> <span class='ocrx_word' id='word_1_128' title='bbox 1545 1048 1658 1085; x_wconf 90' lang='lat' dir='ltr'>simi-</span> 
     </span>
     <span class='ocr_line' id='line_1_18' title="bbox 75 1101 1657 1155; baseline 0.001 -15"><span class='ocrx_word' id='word_1_129' title='bbox 75 1101 188 1141; x_wconf 88' lang='lat' dir='ltr'>libus</span> <span class='ocrx_word' id='word_1_130' title='bbox 219 1102 367 1142; x_wconf 89' lang='lat' dir='ltr'>litteris</span> <span class='ocrx_word' id='word_1_131' title='bbox 405 1108 639 1154; x_wconf 88' lang='lat' dir='ltr'>permutata</span> <span class='ocrx_word' id='word_1_132' title='bbox 672 1107 779 1153; x_wconf 85' lang='lat' dir='ltr'>sunt,</span> <span class='ocrx_word' id='word_1_133' title='bbox 823 1103 898 1142; x_wconf 90' lang='lat' dir='ltr'>sed</span> <span class='ocrx_word' id='word_1_134' title='bbox 936 1108 1019 1141; x_wconf 91' lang='lat' dir='ltr'>tam</span> <span class='ocrx_word' id='word_1_135' title='bbox 1056 1103 1333 1155; x_wconf 83' lang='lat' dir='ltr'>probabiliter</span> <span class='ocrx_word' id='word_1_136' title='bbox 1364 1103 1554 1155; x_wconf 90' lang='lat' dir='ltr'>suppleri</span> <span class='ocrx_word' id='word_1_137' title='bbox 1586 1103 1657 1142; x_wconf 88' lang='lat' dir='ltr'>uel</span> 
     </span>
     <span class='ocr_line' id='line_1_19' title="bbox 76 1160 1656 1212; baseline 0.001 -14"><span class='ocrx_word' id='word_1_138' title='bbox 76 1160 228 1198; x_wconf 88' lang='lat' dir='ltr'>mutari</span> <span class='ocrx_word' id='word_1_139' title='bbox 258 1165 502 1212; x_wconf 85' lang='lat' dir='ltr'>potuerunt,</span> <span class='ocrx_word' id='word_1_140' title='bbox 551 1165 597 1200; x_wconf 87' lang='lat' dir='ltr'>ut</span> <span class='ocrx_word' id='word_1_141' title='bbox 627 1161 714 1199; x_wconf 89' lang='lat' dir='ltr'>fere</span> <span class='ocrx_word' id='word_1_142' title='bbox 745 1160 863 1199; x_wconf 90' lang='lat' dir='ltr'>nulla</span> <span class='ocrx_word' id='word_1_143' title='bbox 892 1166 1070 1199; x_wconf 89' lang='lat' dir='ltr'>restaret</span> <span class='ocrx_word' id='word_1_144' title='bbox 1101 1160 1324 1211; x_wconf 83' lang='lat' dir='ltr'>dubitatio,</span> <span class='ocrx_word' id='word_1_145' title='bbox 1364 1166 1435 1199; x_wconf 90' lang='lat' dir='ltr'>aut</span> <span class='ocrx_word' id='word_1_146' title='bbox 1465 1160 1585 1199; x_wconf 88' lang='lat' dir='ltr'>aliter</span> <span class='ocrx_word' id='word_1_147' title='bbox 1615 1161 1656 1199; x_wconf 86' lang='lat' dir='ltr'>in</span> 
     </span>
     <span class='ocr_line' id='line_1_20' title="bbox 75 1215 1657 1270; baseline 0.001 -16"><span class='ocrx_word' id='word_1_148' title='bbox 75 1215 182 1255; x_wconf 91' lang='lat' dir='ltr'>libro</span> <span class='ocrx_word' id='word_1_149' title='bbox 219 1216 249 1255; x_wconf 81' lang='grc' dir='ltr'>Ο</span> <span class='ocrx_word' id='word_1_150' title='bbox 276 1217 488 1269; x_wconf 88' lang='lat' dir='ltr'>leguntur,</span> <span class='ocrx_word' id='word_1_151' title='bbox 537 1217 639 1270; x_wconf 90' lang='lat' dir='ltr'>quid</span> <span class='ocrx_word' id='word_1_152' title='bbox 670 1223 809 1256; x_wconf 89' lang='lat' dir='ltr'>autem</span> <span class='ocrx_word' id='word_1_153' title='bbox 840 1217 950 1256; x_wconf 90' lang='lat' dir='ltr'>liber</span> <span class='ocrx_word' id='word_1_154' title='bbox 983 1218 1013 1255; x_wconf 84' lang='lat' dir='ltr'><strong><em>C</em></strong></span> <span class='ocrx_word' id='word_1_155' title='bbox 1042 1229 1116 1269; x_wconf 91' lang='lat' dir='ltr'>pro</span> <span class='ocrx_word' id='word_1_156' title='bbox 1148 1218 1211 1256; x_wconf 91' lang='lat' dir='ltr'>his</span> <span class='ocrx_word' id='word_1_157' title='bbox 1242 1216 1465 1269; x_wconf 89' lang='lat' dir='ltr'>praebeat,</span> <span class='ocrx_word' id='word_1_158' title='bbox 1511 1218 1551 1256; x_wconf 90' lang='lat' dir='ltr'>in</span> <span class='ocrx_word' id='word_1_159' title='bbox 1584 1219 1657 1256; x_wconf 89' lang='lat' dir='ltr'>in-</span> 
     </span>
     <span class='ocr_line' id='line_1_21' title="bbox 77 1273 1657 1326; baseline 0.001 -14"><span class='ocrx_word' id='word_1_160' title='bbox 77 1273 264 1313; x_wconf 91' lang='lat' dir='ltr'>feriore</span> <span class='ocrx_word' id='word_1_161' title='bbox 296 1274 607 1313; x_wconf 83' lang='lat' dir='ltr'>adnotationum</span> <span class='ocrx_word' id='word_1_162' title='bbox 640 1274 841 1313; x_wconf 89' lang='lat' dir='ltr'>laterculo</span> <span class='ocrx_word' id='word_1_163' title='bbox 873 1279 1065 1313; x_wconf 89' lang='lat' dir='ltr'>accurate</span> <span class='ocrx_word' id='word_1_164' title='bbox 1088 1274 1381 1313; x_wconf 87' lang='lat' dir='ltr'>adnotauimus</span> <span class='ocrx_word' id='word_1_165' title='bbox 1396 1274 1454 1326; x_wconf 76' lang='grc'>16).</span> <span class='ocrx_word' id='word_1_166' title='bbox 1507 1275 1657 1313; x_wconf 88' lang='lat' dir='ltr'>Omisi-</span> 
     </span>
     <span class='ocr_line' id='line_1_22' title="bbox 79 1331 1655 1384; baseline 0.001 -15"><span class='ocrx_word' id='word_1_167' title='bbox 79 1343 174 1369; x_wconf 91' lang='lat' dir='ltr'>mus</span> <span class='ocrx_word' id='word_1_168' title='bbox 214 1336 354 1370; x_wconf 88' lang='lat' dir='ltr'>tamen</span> <span class='ocrx_word' id='word_1_169' title='bbox 394 1333 434 1370; x_wconf 92' lang='lat' dir='ltr'>in</span> <span class='ocrx_word' id='word_1_170' title='bbox 475 1336 678 1383; x_wconf 90' lang='lat' dir='ltr'>apparatu</span> <span class='ocrx_word' id='word_1_171' title='bbox 721 1333 860 1370; x_wconf 89' lang='lat' dir='ltr'>critico</span> <span class='ocrx_word' id='word_1_172' title='bbox 899 1332 1024 1384; x_wconf 89' lang='lat' dir='ltr'>longe</span> <span class='ocrx_word' id='word_1_173' title='bbox 1066 1331 1247 1383; x_wconf 90' lang='lat' dir='ltr'>plurima</span> <span class='ocrx_word' id='word_1_174' title='bbox 1285 1344 1428 1370; x_wconf 91' lang='lat' dir='ltr'>eorum</span> <span class='ocrx_word' id='word_1_175' title='bbox 1461 1344 1569 1384; x_wconf 87' lang='lat' dir='ltr'>quae</span> <span class='ocrx_word' id='word_1_176' title='bbox 1601 1331 1655 1370; x_wconf 93' lang='lat' dir='ltr'>ad</span> 
     </span>
     <span class='ocr_line' id='line_1_23' title="bbox 78 1387 1656 1440; baseline 0.001 -15"><span class='ocrx_word' id='word_1_177' title='bbox 78 1387 210 1426; x_wconf 91' lang='lat' dir='ltr'>solam</span> <span class='ocrx_word' id='word_1_178' title='bbox 240 1399 330 1426; x_wconf 90' lang='lat' dir='ltr'>rem</span> <span class='ocrx_word' id='word_1_179' title='bbox 362 1387 778 1440; x_wconf 70' lang='lat' dir='ltr'>orthographicamfl)</span> <span class='ocrx_word' id='word_1_180' title='bbox 810 1388 880 1427; x_wconf 92' lang='lat' dir='ltr'>uel</span> <span class='ocrx_word' id='word_1_181' title='bbox 910 1388 962 1427; x_wconf 89' lang='lat' dir='ltr'>ad</span> <span class='ocrx_word' id='word_1_182' title='bbox 990 1394 1107 1427; x_wconf 90' lang='lat' dir='ltr'>notas</span> <span class='ocrx_word' id='word_1_183' title='bbox 1131 1388 1234 1440; x_wconf 91' lang='lat' dir='ltr'>(siue</span> <span class='ocrx_word' id='word_1_184' title='bbox 1257 1388 1502 1440; x_wconf 85' lang='lat' dir='ltr'>compendia</span> <span class='ocrx_word' id='word_1_185' title='bbox 1525 1390 1656 1440; x_wconf 90' lang='lat' dir='ltr'>scrip-</span> 
     </span>
     <span class='ocr_line' id='line_1_24' title="bbox 76 1444 1654 1497; baseline 0.001 -15"><span class='ocrx_word' id='word_1_186' title='bbox 76 1449 195 1483; x_wconf 86' lang='lat' dir='ltr'>turae</span> <span class='ocrx_word' id='word_1_187' title='bbox 235 1444 461 1497; x_wconf 82' lang='lat' dir='ltr'>sollemnia)</span> <span class='ocrx_word' id='word_1_188' title='bbox 491 1445 641 1484; x_wconf 89' lang='lat' dir='ltr'>leuiter</span> <span class='ocrx_word' id='word_1_189' title='bbox 679 1450 896 1497; x_wconf 89' lang='lat' dir='ltr'>corruptas</span> <span class='ocrx_word' id='word_1_190' title='bbox 934 1447 1160 1497; x_wconf 72' lang='lat' dir='ltr'>pertinent,</span> <span class='ocrx_word' id='word_1_191' title='bbox 1194 1457 1301 1497; x_wconf 88' lang='lat' dir='ltr'>quae</span> <span class='ocrx_word' id='word_1_192' title='bbox 1341 1446 1375 1484; x_wconf 92' lang='lat' dir='ltr'>si</span> <span class='ocrx_word' id='word_1_193' title='bbox 1418 1445 1654 1497; x_wconf 84' lang='lat' dir='ltr'>relinquam</span> 
     </span>
     <span class='ocr_line' id='line_1_25' title="bbox 77 1500 1653 1554; baseline 0.001 -14"><span class='ocrx_word' id='word_1_194' title='bbox 77 1507 118 1540; x_wconf 87' lang='lat' dir='ltr'>et</span> <span class='ocrx_word' id='word_1_195' title='bbox 148 1503 320 1540; x_wconf 89' lang='lat' dir='ltr'>inertiae</span> <span class='ocrx_word' id='word_1_196' title='bbox 352 1515 470 1541; x_wconf 92' lang='lat' dir='ltr'>meae</span> <span class='ocrx_word' id='word_1_197' title='bbox 501 1502 667 1554; x_wconf 90' lang='lat' dir='ltr'>largiar,</span> <span class='ocrx_word' id='word_1_198' title='bbox 700 1515 781 1541; x_wconf 90' lang='lat' dir='ltr'>non</span> <span class='ocrx_word' id='word_1_199' title='bbox 812 1514 966 1541; x_wconf 91' lang='lat' dir='ltr'>uereor</span> <span class='ocrx_word' id='word_1_200' title='bbox 996 1515 1048 1542; x_wconf 91' lang='lat' dir='ltr'>ne</span> <span class='ocrx_word' id='word_1_201' title='bbox 1080 1503 1177 1541; x_wconf 88' lang='lat' dir='ltr'>mihi</span> <span class='ocrx_word' id='word_1_202' title='bbox 1201 1504 1434 1541; x_wconf 85' lang='lat' dir='ltr'>irascantur</span> <span class='ocrx_word' id='word_1_203' title='bbox 1454 1500 1653 1541; x_wconf 90' lang='lat' dir='ltr'>lectores:</span> 
     </span>
     <span class='ocr_line' id='line_1_26' title="bbox 77 1559 1656 1612; baseline 0.001 -16"><span class='ocrx_word' id='word_1_204' title='bbox 77 1570 124 1596; x_wconf 90' lang='lat' dir='ltr'>ea</span> <span class='ocrx_word' id='word_1_205' title='bbox 157 1560 290 1597; x_wconf 90' lang='lat' dir='ltr'>omnia</span> <span class='ocrx_word' id='word_1_206' title='bbox 323 1559 358 1597; x_wconf 92' lang='lat' dir='ltr'>si</span> <span class='ocrx_word' id='word_1_207' title='bbox 390 1560 483 1611; x_wconf 90' lang='lat' dir='ltr'>quis</span> <span class='ocrx_word' id='word_1_208' title='bbox 515 1561 748 1598; x_wconf 86' lang='lat' dir='ltr'>accuratius</span> <span class='ocrx_word' id='word_1_209' title='bbox 782 1571 1031 1612; x_wconf 78' lang='lat' dir='ltr'>cognoscere</span> <span class='ocrx_word' id='word_1_210' title='bbox 1062 1559 1177 1609; x_wconf 91' lang='lat' dir='ltr'>uelit,</span> <span class='ocrx_word' id='word_1_211' title='bbox 1218 1559 1341 1598; x_wconf 90' lang='lat' dir='ltr'>adeat</span> <span class='ocrx_word' id='word_1_212' title='bbox 1376 1559 1424 1597; x_wconf 71' lang='lat'>0³</span> <span class='ocrx_word' id='word_1_213' title='bbox 1456 1563 1497 1598; x_wconf 88' lang='lat' dir='ltr'>et</span> <span class='ocrx_word' id='word_1_214' title='bbox 1526 1561 1656 1610; x_wconf 88' lang='lat' dir='ltr'>inpri-</span> 
     </span>
     <span class='ocr_line' id='line_1_27' title="bbox 75 1614 1657 1669; baseline 0.001 -16"><span class='ocrx_word' id='word_1_215' title='bbox 75 1616 153 1654; x_wconf 89' lang='lat' dir='ltr'>mis</span> <span class='ocrx_word' id='word_1_216' title='bbox 189 1615 348 1654; x_wconf 92' lang='lat' dir='ltr'>indices</span> <span class='ocrx_word' id='word_1_217' title='bbox 387 1622 579 1655; x_wconf 87' lang='lat' dir='ltr'>notarum</span> <span class='ocrx_word' id='word_1_218' title='bbox 626 1621 667 1655; x_wconf 89' lang='lat' dir='ltr'>et</span> <span class='ocrx_word' id='word_1_219' title='bbox 711 1617 1074 1669; x_wconf 86' lang='lat' dir='ltr'>orthographicum</span> <span class='ocrx_word' id='word_1_220' title='bbox 1115 1614 1179 1668; x_wconf 69' lang='lat'>(0³</span> <span class='ocrx_word' id='word_1_221' title='bbox 1217 1628 1309 1668; x_wconf 90' lang='lat' dir='ltr'>pag.</span> <span class='ocrx_word' id='word_1_222' title='bbox 1352 1617 1575 1654; x_wconf 48' lang='lat'><strong>*253-3112</strong></span> <span class='ocrx_word' id='word_1_223' title='bbox 1615 1622 1657 1655; x_wconf 88' lang='lat' dir='ltr'>et</span> 
     </span>
     <span class='ocr_line' id='line_1_28' title="bbox 75 1673 1652 1725; baseline 0 -15"><span class='ocrx_word' id='word_1_224' title='bbox 75 1684 169 1724; x_wconf 91' lang='lat' dir='ltr'>pag.</span> <span class='ocrx_word' id='word_1_225' title='bbox 202 1673 469 1723; x_wconf 64' lang='lat'>313—325);</span> <span class='ocrx_word' id='word_1_226' title='bbox 502 1673 740 1725; x_wconf 88' lang='lat' dir='ltr'>apographo</span> <span class='ocrx_word' id='word_1_227' title='bbox 773 1675 881 1712; x_wconf 89' lang='lat' dir='ltr'>enim</span> <span class='ocrx_word' id='word_1_228' title='bbox 913 1686 1004 1712; x_wconf 91' lang='lat' dir='ltr'>meo</span> <span class='ocrx_word' id='word_1_229' title='bbox 1032 1685 1176 1712; x_wconf 90' lang='lat' dir='ltr'>carere</span> <span class='ocrx_word' id='word_1_230' title='bbox 1199 1674 1363 1712; x_wconf 90' lang='lat' dir='ltr'>omnino</span> <span class='ocrx_word' id='word_1_231' title='bbox 1385 1685 1467 1712; x_wconf 92' lang='lat' dir='ltr'>non</span> <span class='ocrx_word' id='word_1_232' title='bbox 1490 1675 1652 1724; x_wconf 87' lang='lat' dir='ltr'>poterit,</span> 
     </span>
     <span class='ocr_line' id='line_1_29' title="bbox 76 1729 1656 1781; baseline 0.001 -13"><span class='ocrx_word' id='word_1_233' title='bbox 76 1729 112 1768; x_wconf 90' lang='lat' dir='ltr'>si</span> <span class='ocrx_word' id='word_1_234' title='bbox 157 1730 251 1781; x_wconf 90' lang='lat' dir='ltr'>quis</span> <span class='ocrx_word' id='word_1_235' title='bbox 296 1731 420 1769; x_wconf 91' lang='lat' dir='ltr'>crisin</span> <span class='ocrx_word' id='word_1_236' title='bbox 459 1729 656 1769; x_wconf 88' lang='lat' dir='ltr'>Gaianam</span> <span class='ocrx_word' id='word_1_237' title='bbox 697 1735 809 1769; x_wconf 90' lang='lat' dir='ltr'>recte</span> <span class='ocrx_word' id='word_1_238' title='bbox 847 1732 1064 1770; x_wconf 90' lang='lat' dir='ltr'>instituere</span> <span class='ocrx_word' id='word_1_239' title='bbox 1104 1729 1297 1769; x_wconf 90' lang='lat' dir='ltr'>uoluerit.</span> <span class='ocrx_word' id='word_1_240' title='bbox 1369 1730 1561 1769; x_wconf 89' lang='lat' dir='ltr'>Ceterum</span> <span class='ocrx_word' id='word_1_241' title='bbox 1609 1736 1656 1769; x_wconf 91' lang='lat' dir='ltr'>ut</span> 
     </span>
     <span class='ocr_line' id='line_1_30' title="bbox 76 1787 1653 1839; baseline 0 -14"><span class='ocrx_word' id='word_1_242' title='bbox 76 1798 239 1836; x_wconf 89' lang='lat' dir='ltr'>eorum,</span> <span class='ocrx_word' id='word_1_243' title='bbox 284 1787 357 1839; x_wconf 89' lang='lat' dir='ltr'>qui</span> <span class='ocrx_word' id='word_1_244' title='bbox 401 1787 478 1826; x_wconf 88' lang='lat' dir='ltr'>hac</span> <span class='ocrx_word' id='word_1_245' title='bbox 523 1787 703 1826; x_wconf 88' lang='lat' dir='ltr'>editione</span> <span class='ocrx_word' id='word_1_246' title='bbox 740 1789 860 1826; x_wconf 91' lang='lat' dir='ltr'>usuri</span> <span class='ocrx_word' id='word_1_247' title='bbox 901 1793 1060 1838; x_wconf 90' lang='lat' dir='ltr'>essent,</span> <span class='ocrx_word' id='word_1_248' title='bbox 1109 1787 1324 1826; x_wconf 91' lang='lat' dir='ltr'>commodo</span> <span class='ocrx_word' id='word_1_249' title='bbox 1365 1789 1653 1837; x_wconf 89' lang='lat' dir='ltr'>inseruiretur,</span> 
     </span>
     <span class='ocr_line' id='line_1_31' title="bbox 75 1843 1656 1897; baseline 0.001 -15"><span class='ocrx_word' id='word_1_250' title='bbox 75 1843 278 1882; x_wconf 89' lang='lat' dir='ltr'>nonnulla</span> <span class='ocrx_word' id='word_1_251' title='bbox 308 1845 350 1883; x_wconf 91' lang='lat' dir='ltr'>in</span> <span class='ocrx_word' id='word_1_252' title='bbox 382 1856 536 1897; x_wconf 90' lang='lat' dir='ltr'>genere</span> <span class='ocrx_word' id='word_1_253' title='bbox 568 1845 886 1896; x_wconf 90' lang='lat' dir='ltr'>orthographico</span> <span class='ocrx_word' id='word_1_254' title='bbox 918 1845 1078 1884; x_wconf 88' lang='lat' dir='ltr'>firmius</span> <span class='ocrx_word' id='word_1_255' title='bbox 1102 1844 1392 1883; x_wconf 85' lang='lat' dir='ltr'>constituenda</span> <span class='ocrx_word' id='word_1_256' title='bbox 1412 1846 1656 1895; x_wconf 87' lang='lat' dir='ltr'>putauimus</span> 
     </span>
    </p>
   </div>
   <div class='ocr_carea' id='block_1_5' title="bbox 75 2001 1656 2080">
    <p class='ocr_par' dir='ltr' id='par_1_7' title="bbox 75 2001 1656 2080">
     <span class='ocr_line' id='line_1_32' title="bbox 75 2001 1656 2044; baseline 0.002 -12"><span class='ocrx_word' id='word_1_257' title='bbox 75 2001 150 2033; x_wconf 88' lang='lat' dir='ltr'>uel:</span> <span class='ocrx_word' id='word_1_258' title='bbox 182 2003 240 2033; x_wconf 81' lang='lat' dir='ltr'>sed</span> <span class='ocrx_word' id='word_1_259' title='bbox 264 2004 300 2033; x_wconf 84' lang='lat' dir='ltr'>in</span> <span class='ocrx_word' id='word_1_260' title='bbox 322 2004 474 2042; x_wconf 80' lang='lat' dir='ltr'>pondere</span> <span class='ocrx_word' id='word_1_261' title='bbox 497 2005 630 2043; x_wconf 79' lang='lat' dir='ltr'>posita;</span> <span class='ocrx_word' id='word_1_262' title='bbox 665 2012 746 2034; x_wconf 78' lang='lat' dir='ltr'>nam</span> <span class='ocrx_word' id='word_1_263' title='bbox 772 2007 803 2035; x_wconf 82' lang='lat' dir='ltr'>et</span> <span class='ocrx_word' id='word_1_264' title='bbox 828 2002 933 2044; x_wconf 81' lang='lat' dir='ltr'>aslses</span> <span class='ocrx_word' id='word_1_265' title='bbox 959 2003 1096 2034; x_wconf 81' lang='lat' dir='ltr'>librales</span> <span class='ocrx_word' id='word_1_266' title='bbox 1121 2007 1221 2035; x_wconf 80' lang='lat' dir='ltr'>erant</span> <span class='ocrx_word' id='word_1_267' title='bbox 1246 2007 1276 2035; x_wconf 81' lang='lat' dir='ltr'>et</span> <span class='ocrx_word' id='word_1_268' title='bbox 1302 2004 1468 2042; x_wconf 75' lang='lat' dir='ltr'>dupundii</span> <span class='ocrx_word' id='word_1_269' title='bbox 1493 2004 1589 2034; x_wconf 82' lang='lat' dir='ltr'>binas</span> <span class='ocrx_word' id='word_1_270' title='bbox 1615 2005 1656 2035; x_wconf 78' lang='lat' dir='ltr'>li·</span> 
     </span>
     <span class='ocr_line' id='line_1_33' title="bbox 78 2048 656 2080; baseline 0.005 -3"><span class='ocrx_word' id='word_1_271' title='bbox 78 2048 158 2078; x_wconf 74' lang='lat' dir='ltr'>bras</span> <span class='ocrx_word' id='word_1_272' title='bbox 184 2049 402 2080; x_wconf 77' lang='lat' dir='ltr'>continebant</span> <span class='ocrx_word' id='word_1_273' title='bbox 426 2049 484 2080; x_wconf 86' lang='lat' dir='ltr'>uel</span> <span class='ocrx_word' id='word_1_274' title='bbox 511 2049 656 2080; x_wconf 86' lang='lat' dir='ltr'>similia.</span> 
     </span>
    </p>
   </div>
   <div class='ocr_carea' id='block_1_6' title="bbox 75 2103 1654 2659">
    <p class='ocr_par' dir='ltr' id='par_1_8' title="bbox 75 2103 1654 2593">
     <span class='ocr_line' id='line_1_34' title="bbox 172 2103 1654 2146; baseline 0.003 -13"><span class='ocrx_word' id='word_1_275' title='bbox 172 2103 223 2143; x_wconf 87' lang='lat'>16)</span> <span class='ocrx_word' id='word_1_276' title='bbox 252 2105 458 2144; x_wconf 80' lang='lat' dir='ltr'>Legentium</span> <span class='ocrx_word' id='word_1_277' title='bbox 491 2105 606 2137; x_wconf 89' lang='lat' dir='ltr'>oculis</span> <span class='ocrx_word' id='word_1_278' title='bbox 638 2108 677 2137; x_wconf 92' lang='lat' dir='ltr'>ut</span> <span class='ocrx_word' id='word_1_279' title='bbox 707 2113 1022 2145; x_wconf 85' lang='lat' dir='ltr'>succurreremus,</span> <span class='ocrx_word' id='word_1_280' title='bbox 1057 2106 1091 2136; x_wconf 91' lang='lat' dir='ltr'>in</span> <span class='ocrx_word' id='word_1_281' title='bbox 1119 2108 1295 2146; x_wconf 88' lang='lat' dir='ltr'>apparatu</span> <span class='ocrx_word' id='word_1_282' title='bbox 1326 2106 1452 2136; x_wconf 88' lang='lat' dir='ltr'>critico</span> <span class='ocrx_word' id='word_1_283' title='bbox 1479 2105 1654 2137; x_wconf 84' lang='lat' dir='ltr'>lectiones</span> 
     </span>
     <span class='ocr_line' id='line_1_35' title="bbox 76 2148 1653 2192; baseline 0.002 -12"><span class='ocrx_word' id='word_1_284' title='bbox 76 2148 214 2180; x_wconf 87' lang='lat' dir='ltr'>codicis</span> <span class='ocrx_word' id='word_1_285' title='bbox 243 2149 278 2190; x_wconf 89' lang='lat' dir='ltr'>C,</span> <span class='ocrx_word' id='word_1_286' title='bbox 312 2152 373 2191; x_wconf 90' lang='lat' dir='ltr'>qui</span> <span class='ocrx_word' id='word_1_287' title='bbox 399 2151 569 2182; x_wconf 90' lang='lat' dir='ltr'>continua</span> <span class='ocrx_word' id='word_1_288' title='bbox 596 2151 774 2191; x_wconf 89' lang='lat' dir='ltr'>scriptura</span> <span class='ocrx_word' id='word_1_289' title='bbox 808 2151 843 2182; x_wconf 92' lang='lat' dir='ltr'>id</span> <span class='ocrx_word' id='word_1_290' title='bbox 876 2153 929 2182; x_wconf 85' lang='lat' dir='ltr'>est</span> <span class='ocrx_word' id='word_1_291' title='bbox 956 2159 1025 2182; x_wconf 89' lang='lat' dir='ltr'>non</span> <span class='ocrx_word' id='word_1_292' title='bbox 1057 2151 1247 2192; x_wconf 80' lang='lat' dir='ltr'>diremptis</span> <span class='ocrx_word' id='word_1_293' title='bbox 1273 2151 1461 2183; x_wconf 88' lang='lat' dir='ltr'>uocabulis</span> <span class='ocrx_word' id='word_1_294' title='bbox 1487 2154 1653 2183; x_wconf 83' lang='lat' dir='ltr'>exaratus</span> 
     </span>
     <span class='ocr_line' id='line_1_36' title="bbox 76 2195 1652 2238; baseline 0.002 -13"><span class='ocrx_word' id='word_1_295' title='bbox 76 2196 140 2235; x_wconf 87' lang='lat' dir='ltr'>est,</span> <span class='ocrx_word' id='word_1_296' title='bbox 173 2196 220 2226; x_wconf 89' lang='lat' dir='ltr'>ita</span> <span class='ocrx_word' id='word_1_297' title='bbox 246 2198 612 2237; x_wconf 87' lang='lat' dir='ltr'>repraesentauimus‚</span> <span class='ocrx_word' id='word_1_298' title='bbox 645 2198 684 2228; x_wconf 86' lang='lat' dir='ltr'>ut</span> <span class='ocrx_word' id='word_1_299' title='bbox 709 2196 821 2227; x_wconf 89' lang='lat' dir='ltr'>uerba</span> <span class='ocrx_word' id='word_1_300' title='bbox 847 2195 922 2227; x_wconf 82' lang='lat' dir='ltr'>fere</span> <span class='ocrx_word' id='word_1_301' title='bbox 949 2198 1158 2228; x_wconf 88' lang='lat' dir='ltr'>constanter</span> <span class='ocrx_word' id='word_1_302' title='bbox 1183 2197 1359 2238; x_wconf 89' lang='lat' dir='ltr'>dirempta</span> <span class='ocrx_word' id='word_1_303' title='bbox 1387 2196 1652 2228; x_wconf 79' lang='lat' dir='ltr'>exhiberemus.</span> 
     </span>
     <span class='ocr_line' id='line_1_37' title="bbox 75 2240 1652 2283; baseline 0.002 -13"><span class='ocrx_word' id='word_1_304' title='bbox 75 2240 141 2272; x_wconf 64' lang='lat' dir='ltr'>Vbi</span> <span class='ocrx_word' id='word_1_305' title='bbox 160 2243 308 2282; x_wconf 88' lang='lat' dir='ltr'>propter</span> <span class='ocrx_word' id='word_1_306' title='bbox 327 2242 576 2282; x_wconf 85' lang='lat' dir='ltr'>imperfectam</span> <span class='ocrx_word' id='word_1_307' title='bbox 604 2242 791 2274; x_wconf 87' lang='lat' dir='ltr'>lectionem</span> <span class='ocrx_word' id='word_1_308' title='bbox 818 2242 1012 2273; x_wconf 89' lang='lat' dir='ltr'>nonnullae</span> <span class='ocrx_word' id='word_1_309' title='bbox 1038 2242 1178 2274; x_wconf 73' lang='lat' dir='ltr'>litterae</span> <span class='ocrx_word' id='word_1_310' title='bbox 1203 2243 1238 2274; x_wconf 91' lang='lat' dir='ltr'>in</span> <span class='ocrx_word' id='word_1_311' title='bbox 1263 2242 1287 2274; x_wconf 90' lang='lat' dir='ltr'><strong><em>C</em></strong></span> <span class='ocrx_word' id='word_1_312' title='bbox 1313 2242 1379 2283; x_wconf 89' lang='lat' dir='ltr'>legi</span> <span class='ocrx_word' id='word_1_313' title='bbox 1407 2243 1554 2283; x_wconf 89' lang='lat' dir='ltr'>quidem</span> <span class='ocrx_word' id='word_1_314' title='bbox 1581 2252 1652 2274; x_wconf 89' lang='lat' dir='ltr'>non</span> 
     </span>
     <span class='ocr_line' id='line_1_38' title="bbox 75 2287 1653 2329; baseline 0.001 -12"><span class='ocrx_word' id='word_1_315' title='bbox 75 2290 241 2326; x_wconf 84' lang='lat' dir='ltr'>poterant</span> <span class='ocrx_word' id='word_1_316' title='bbox 267 2287 329 2318; x_wconf 89' lang='lat' dir='ltr'>sed</span> <span class='ocrx_word' id='word_1_317' title='bbox 357 2296 447 2328; x_wconf 87' lang='lat' dir='ltr'>quae</span> <span class='ocrx_word' id='word_1_318' title='bbox 474 2287 615 2319; x_wconf 83' lang='lat' dir='ltr'>litterae</span> <span class='ocrx_word' id='word_1_319' title='bbox 641 2288 843 2319; x_wconf 78' lang='lat' dir='ltr'>extitissent</span> <span class='ocrx_word' id='word_1_320' title='bbox 867 2287 1127 2319; x_wconf 84' lang='lat' dir='ltr'>sententiarum</span> <span class='ocrx_word' id='word_1_321' title='bbox 1155 2296 1294 2320; x_wconf 80' lang='lat' dir='ltr'>conexu</span> <span class='ocrx_word' id='word_1_322' title='bbox 1319 2297 1497 2329; x_wconf 86' lang='lat' dir='ltr'>perpenso</span> <span class='ocrx_word' id='word_1_323' title='bbox 1523 2288 1653 2329; x_wconf 87' lang='lat' dir='ltr'>proba-</span> 
     </span>
     <span class='ocr_line' id='line_1_39' title="bbox 76 2331 1652 2374; baseline 0.001 -12"><span class='ocrx_word' id='word_1_324' title='bbox 76 2331 197 2364; x_wconf 88' lang='lat' dir='ltr'>biliter</span> <span class='ocrx_word' id='word_1_325' title='bbox 228 2332 393 2364; x_wconf 90' lang='lat' dir='ltr'>diuinare</span> <span class='ocrx_word' id='word_1_326' title='bbox 429 2332 544 2374; x_wconf 87' lang='lat' dir='ltr'>licuit,</span> <span class='ocrx_word' id='word_1_327' title='bbox 578 2342 831 2374; x_wconf 89' lang='lat' dir='ltr'>nonnusquam</span> <span class='ocrx_word' id='word_1_328' title='bbox 869 2342 929 2365; x_wconf 89' lang='lat' dir='ltr'>eas</span> <span class='ocrx_word' id='word_1_329' title='bbox 956 2334 1051 2374; x_wconf 83' lang='lat' dir='ltr'>ipsas</span> <span class='ocrx_word' id='word_1_330' title='bbox 1078 2334 1214 2365; x_wconf 88' lang='lat' dir='ltr'>litteras</span> <span class='ocrx_word' id='word_1_331' title='bbox 1241 2334 1297 2366; x_wconf 88' lang='lat' dir='ltr'>his</span> <span class='ocrx_word' id='word_1_332' title='bbox 1323 2334 1465 2365; x_wconf 82' lang='lat' dir='ltr'>uncinis</span> <span class='ocrx_word' id='word_1_333' title='bbox 1492 2332 1522 2374; x_wconf 95' lang='lat'>()</span> <span class='ocrx_word' id='word_1_334' title='bbox 1549 2342 1652 2374; x_wconf 89' lang='lat' dir='ltr'>saep-</span> 
     </span>
     <span class='ocr_line' id='line_1_40' title="bbox 78 2379 1652 2420; baseline 0.001 -12"><span class='ocrx_word' id='word_1_335' title='bbox 78 2380 130 2408; x_wconf 88' lang='lat' dir='ltr'>tas</span> <span class='ocrx_word' id='word_1_336' title='bbox 148 2379 444 2419; x_wconf 88' lang='lat' dir='ltr'>perscripsimus:</span> <span class='ocrx_word' id='word_1_337' title='bbox 472 2379 522 2409; x_wconf 90' lang='lat' dir='ltr'>sic</span> <span class='ocrx_word' id='word_1_338' title='bbox 550 2379 560 2409; x_wconf 88' lang='lat' dir='ltr'>l</span> <span class='ocrx_word' id='word_1_339' title='bbox 586 2379 605 2418; x_wconf 68' lang='grc' dir='ltr'>ξ</span> <span class='ocrx_word' id='word_1_340' title='bbox 626 2381 687 2409; x_wconf 75' lang='grc'><strong>127</strong></span> <span class='ocrx_word' id='word_1_341' title='bbox 714 2379 898 2410; x_wconf 85' lang='lat' dir='ltr'>adnotatio</span> <span class='ocrx_word' id='word_1_342' title='bbox 925 2379 969 2410; x_wconf 85' lang='lat' dir='ltr'>ad</span> <span class='ocrx_word' id='word_1_343' title='bbox 996 2388 1073 2420; x_wconf 88' lang='lat' dir='ltr'>pag.</span> <span class='ocrx_word' id='word_1_344' title='bbox 1094 2381 1135 2411; x_wconf 76' lang='lat'>29</span> <span class='ocrx_word' id='word_1_345' title='bbox 1164 2388 1257 2411; x_wconf 82' lang='lat' dir='ltr'>uers.</span> <span class='ocrx_word' id='word_1_346' title='bbox 1277 2381 1317 2410; x_wconf 76' lang='lat'>20</span> <span class='ocrx_word' id='word_1_347' title='bbox 1345 2380 1453 2410; x_wconf 88' lang='lat' dir='ltr'>huius</span> <span class='ocrx_word' id='word_1_348' title='bbox 1480 2379 1652 2410; x_wconf 87' lang='lat' dir='ltr'>editionis</span> 
     </span>
     <span class='ocr_line' id='line_1_41' title="bbox 76 2421 1649 2465; baseline 0.001 -11"><span class='ocrx_word' id='word_1_349' title='bbox 76 2432 95 2454; x_wconf 91' lang='lat' dir='ltr'>a</span> <span class='ocrx_word' id='word_1_350' title='bbox 122 2424 225 2455; x_wconf 91' lang='lat' dir='ltr'>nobis</span> <span class='ocrx_word' id='word_1_351' title='bbox 251 2424 433 2465; x_wconf 87' lang='lat' dir='ltr'>adscripta</span> <span class='ocrx_word' id='word_1_352' title='bbox 464 2421 714 2465; x_wconf 71' lang='lat' dir='ltr'>›(neplte,sue‹</span> <span class='ocrx_word' id='word_1_353' title='bbox 742 2424 921 2465; x_wconf 84' lang='lat' dir='ltr'>significat</span> <span class='ocrx_word' id='word_1_354' title='bbox 954 2425 989 2455; x_wconf 91' lang='lat' dir='ltr'>in</span> <span class='ocrx_word' id='word_1_355' title='bbox 1020 2424 1043 2456; x_wconf 92' lang='lat' dir='ltr'>C</span> <span class='ocrx_word' id='word_1_356' title='bbox 1069 2425 1137 2464; x_wconf 79' lang='lat' dir='ltr'>legi</span> <span class='ocrx_word' id='word_1_357' title='bbox 1163 2434 1234 2456; x_wconf 91' lang='lat' dir='ltr'>non</span> <span class='ocrx_word' id='word_1_358' title='bbox 1261 2426 1419 2465; x_wconf 85' lang='lat' dir='ltr'>potuisse</span> <span class='ocrx_word' id='word_1_359' title='bbox 1447 2425 1514 2456; x_wconf 83' lang='lat' dir='ltr'>nisi</span> <span class='ocrx_word' id='word_1_360' title='bbox 1543 2433 1649 2455; x_wconf 64' lang='lat' dir='ltr'>›sue‹</span> 
     </span>
     <span class='ocr_line' id='line_1_42' title="bbox 77 2469 1651 2511; baseline 0.001 -12"><span class='ocrx_word' id='word_1_361' title='bbox 77 2469 224 2510; x_wconf 86' lang='lat' dir='ltr'>litteras,</span> <span class='ocrx_word' id='word_1_362' title='bbox 249 2469 440 2510; x_wconf 86' lang='lat' dir='ltr'>probabile</span> <span class='ocrx_word' id='word_1_363' title='bbox 465 2473 584 2501; x_wconf 89' lang='lat' dir='ltr'>tamen</span> <span class='ocrx_word' id='word_1_364' title='bbox 611 2478 689 2501; x_wconf 87' lang='lat' dir='ltr'>esse</span> <span class='ocrx_word' id='word_1_365' title='bbox 714 2471 918 2511; x_wconf 80' lang='lat' dir='ltr'>proximum</span> <span class='ocrx_word' id='word_1_366' title='bbox 945 2471 1027 2501; x_wconf 88' lang='lat' dir='ltr'>ante</span> <span class='ocrx_word' id='word_1_367' title='bbox 1053 2470 1117 2502; x_wconf 89' lang='lat' dir='ltr'>has</span> <span class='ocrx_word' id='word_1_368' title='bbox 1144 2471 1279 2502; x_wconf 86' lang='lat' dir='ltr'>litteras</span> <span class='ocrx_word' id='word_1_369' title='bbox 1308 2471 1425 2501; x_wconf 91' lang='lat' dir='ltr'>locum</span> <span class='ocrx_word' id='word_1_370' title='bbox 1453 2479 1651 2511; x_wconf 86' lang='lat' dir='ltr'>occupasse</span> 
     </span>
     <span class='ocr_line' id='line_1_43' title="bbox 75 2513 1652 2557; baseline 0.002 -13"><span class='ocrx_word' id='word_1_371' title='bbox 75 2513 210 2546; x_wconf 87' lang='lat' dir='ltr'>litteras</span> <span class='ocrx_word' id='word_1_372' title='bbox 239 2518 384 2556; x_wconf 83' lang='lat' dir='ltr'>›nepte‹</span> <span class='ocrx_word' id='word_1_373' title='bbox 416 2517 473 2556; x_wconf 88' lang='lat' dir='ltr'>ita,</span> <span class='ocrx_word' id='word_1_374' title='bbox 505 2518 543 2546; x_wconf 92' lang='lat' dir='ltr'>ut</span> <span class='ocrx_word' id='word_1_375' title='bbox 569 2516 604 2546; x_wconf 91' lang='lat' dir='ltr'>in</span> <span class='ocrx_word' id='word_1_376' title='bbox 630 2516 760 2556; x_wconf 89' lang='lat' dir='ltr'>prioris</span> <span class='ocrx_word' id='word_1_377' title='bbox 785 2524 915 2547; x_wconf 90' lang='lat' dir='ltr'>uersus</span> <span class='ocrx_word' id='word_1_378' title='bbox 940 2517 1034 2547; x_wconf 74' lang='lat' dir='ltr'>exitu</span> <span class='ocrx_word' id='word_1_379' title='bbox 1062 2516 1201 2548; x_wconf 87' lang='lat' dir='ltr'>litterae</span> <span class='ocrx_word' id='word_1_380' title='bbox 1230 2525 1351 2557; x_wconf 60' lang='lat' dir='ltr'>»nep«,</span> <span class='ocrx_word' id='word_1_381' title='bbox 1379 2517 1414 2547; x_wconf 89' lang='lat' dir='ltr'>in</span> <span class='ocrx_word' id='word_1_382' title='bbox 1440 2517 1652 2557; x_wconf 89' lang='lat' dir='ltr'>posterioris</span> 
     </span>
     <span class='ocr_line' id='line_1_44' title="bbox 75 2561 1049 2593; baseline 0.001 -2"><span class='ocrx_word' id='word_1_383' title='bbox 75 2568 205 2592; x_wconf 86' lang='lat' dir='ltr'>uersus</span> <span class='ocrx_word' id='word_1_384' title='bbox 232 2561 333 2592; x_wconf 89' lang='lat' dir='ltr'>initio</span> <span class='ocrx_word' id='word_1_385' title='bbox 362 2562 499 2592; x_wconf 86' lang='lat' dir='ltr'>litterae</span> <span class='ocrx_word' id='word_1_386' title='bbox 531 2562 603 2592; x_wconf 69' lang='lat' dir='ltr'>»te«</span> <span class='ocrx_word' id='word_1_387' title='bbox 634 2563 714 2593; x_wconf 86' lang='lat' dir='ltr'>ante</span> <span class='ocrx_word' id='word_1_388' title='bbox 743 2569 848 2593; x_wconf 80' lang='lat' dir='ltr'>›sue‹</span> <span class='ocrx_word' id='word_1_389' title='bbox 877 2562 1049 2592; x_wconf 83' lang='lat' dir='ltr'>extarent.</span> 
     </span>
    </p>

    <p class='ocr_par' dir='ltr' id='par_1_9' title="bbox 168 2616 1651 2659">
     <span class='ocr_line' id='line_1_45' title="bbox 168 2616 1651 2659; baseline 0 -11"><span class='ocrx_word' id='word_1_390' title='bbox 168 2616 219 2656; x_wconf 80' lang='lat'>47)</span> <span class='ocrx_word' id='word_1_391' title='bbox 246 2617 323 2649; x_wconf 90' lang='lat' dir='ltr'>Nec</span> <span class='ocrx_word' id='word_1_392' title='bbox 349 2619 461 2658; x_wconf 83' lang='lat' dir='ltr'>magis</span> <span class='ocrx_word' id='word_1_393' title='bbox 488 2618 669 2649; x_wconf 85' lang='lat' dir='ltr'>uocabula</span> <span class='ocrx_word' id='word_1_394' title='bbox 696 2619 730 2649; x_wconf 89' lang='lat' dir='ltr'>in</span> <span class='ocrx_word' id='word_1_395' title='bbox 753 2617 778 2650; x_wconf 89' lang='lat' dir='ltr'><strong><em>C</em></strong></span> <span class='ocrx_word' id='word_1_396' title='bbox 802 2617 894 2649; x_wconf 89' lang='lat' dir='ltr'>male</span> <span class='ocrx_word' id='word_1_397' title='bbox 921 2617 1073 2649; x_wconf 77' lang='lat' dir='ltr'>dissecta</span> <span class='ocrx_word' id='word_1_398' title='bbox 1101 2618 1157 2649; x_wconf 91' lang='lat' dir='ltr'>uel</span> <span class='ocrx_word' id='word_1_399' title='bbox 1185 2627 1372 2659; x_wconf 84' lang='lat' dir='ltr'>perperam</span> <span class='ocrx_word' id='word_1_400' title='bbox 1401 2617 1544 2649; x_wconf 90' lang='lat' dir='ltr'>duobus</span> <span class='ocrx_word' id='word_1_401' title='bbox 1570 2626 1651 2649; x_wconf 89' lang='lat' dir='ltr'>uer·</span> 
     </span>
    </p>
   </div>
   <div class='ocr_carea' id='block_1_7' title="bbox 75 2661 1652 2750">
    <p class='ocr_par' dir='ltr' id='par_1_10' title="bbox 75 2661 1652 2750">
     <span class='ocr_line' id='line_1_46' title="bbox 75 2661 1652 2705; baseline 0.001 -12"><span class='ocrx_word' id='word_1_402' title='bbox 75 2661 177 2694; x_wconf 83' lang='lat' dir='ltr'>sibus</span> <span class='ocrx_word' id='word_1_403' title='bbox 211 2663 404 2694; x_wconf 86' lang='lat' dir='ltr'>distributa</span> <span class='ocrx_word' id='word_1_404' title='bbox 444 2664 476 2694; x_wconf 90' lang='lat' dir='ltr'>in</span> <span class='ocrx_word' id='word_1_405' title='bbox 504 2667 675 2704; x_wconf 86' lang='lat' dir='ltr'>apparatu</span> <span class='ocrx_word' id='word_1_406' title='bbox 703 2665 827 2695; x_wconf 87' lang='lat' dir='ltr'>critico</span> <span class='ocrx_word' id='word_1_407' title='bbox 855 2665 1081 2705; x_wconf 74' lang='lat' dir='ltr'>curauimus5</span> <span class='ocrx_word' id='word_1_408' title='bbox 1117 2661 1211 2695; x_wconf 88' lang='lat' dir='ltr'>conf.</span> <span class='ocrx_word' id='word_1_409' title='bbox 1239 2664 1282 2695; x_wconf 94' lang='lat' dir='ltr'>de</span> <span class='ocrx_word' id='word_1_410' title='bbox 1309 2663 1530 2705; x_wconf 78' lang='lat' dir='ltr'>syllabarum</span> <span class='ocrx_word' id='word_1_411' title='bbox 1559 2663 1652 2695; x_wconf 86' lang='lat' dir='ltr'>diui·</span> 
     </span>
     <span class='ocr_line' id='line_1_47' title="bbox 75 2707 572 2750; baseline 0.004 -11"><span class='ocrx_word' id='word_1_412' title='bbox 75 2708 178 2740; x_wconf 90' lang='lat' dir='ltr'>sione</span> <span class='ocrx_word' id='word_1_413' title='bbox 207 2707 247 2739; x_wconf 78' lang='lat' dir='ltr'>ca</span> <span class='ocrx_word' id='word_1_414' title='bbox 272 2718 350 2749; x_wconf 81' lang='lat' dir='ltr'>pag.</span> <span class='ocrx_word' id='word_1_415' title='bbox 368 2718 448 2740; x_wconf 81' lang='lat' dir='ltr'>xxiii</span> <span class='ocrx_word' id='word_1_416' title='bbox 474 2718 572 2750; x_wconf 88' lang='lat' dir='ltr'>seqq.</span> 
     </span>
    </p>
   </div>
  </div>
 </body>
</html>
