1892 3095
240 156 522 196 1V5462—465
745 180 856 186 --
917 158 996 198 196
1054 181 1167 187 —

147 282 224 320 463
240 283 358 333 citur,
395 281 517 321 modo
555 295 649 322 cum
688 283 884 335 periculo.
945 283 1133 335 Namque
1173 284 1208 323 si
1244 283 1447 323 arbitrum
1482 284 1667 336 postula-

238 340 347 377 uerit
376 339 409 378 is
442 352 536 379 cum
555 334 650 392 'quo
682 342 828 392 agitur,
867 341 1012 392 accipit
1042 340 1262 379 formulam
1294 353 1402 393 quae
1433 341 1668 393 appellatur

235 394 481 448 {larbitrariffi
520 401 560 436 et
597 397 744 436 iudicis
783 397 952 436 arbitrio
989 398 1023 436 si
1054 397 1156 449 quid
1187 399 1348 437 restitui
1378 397 1450 438 uel
1479 398 1667 438 exhiberi
1683 412 1759 445 pag.
1776 403 1836 437 24⁴

239 452 407 504 debeat,
449 453 491 493 id
531 455 619 493 sine
655 454 842 505 periculo
884 453 1048 493 exhibet
1088 459 1159 494 aut
1196 456 1392 506 restituit,
1435 458 1476 494 et
1510 456 1565 494 ita
1595 456 1668 496 ab—

239 509 437 560 soluitur3
484 511 633 563 quodsi
670 523 748 549 nec
783 513 974 551 restituat
1009 523 1147 564 neque
1187 511 1399 564 exhibeat,
1447 512 1589 564 quanti
1620 519 1701 552 eas

237 579 304 606 res
347 572 409 606 est
446 567 759 607 condemnatur.
822 568 891 608 sed
930 573 970 607 et
1007 574 1122 607 actor
1159 569 1247 608 sine
1285 580 1417 620 poena
1454 570 1670 620 experitur

238 636 331 663 cum
370 637 430 676 eo,
470 637 593 675 quem
623 636 762 676 neque
795 624 992 664 exhibere
1023 637 1161 678 neque
1192 626 1414 665 restituere
1445 626 1669 678 quicquam

237 686 415 732 oportet,
457 686 752 732 praeterquam
793 683 827 721 si
868 682 1098 721 calumniae
1135 681 1335 722 iudicium
1366 684 1403 721 ei
1434 684 1668 734 oppositum

237 737 361 776 fuerit
393 737 576 776 decimae
607 739 749 789 partis.
802 751 1056 791 quamquam
1088 739 1260 778 Proculo
1291 739 1451 790 placuit
1469 739 1671 792 deueyan-

237 794 336 833 dum
368 794 599 834 calumniae
630 794 826 834 iudicium
848 797 890 835 ei
909 797 981 848 qui
1002 795 1203 835 arbitrum
1225 796 1515 848 postulauerit,
1548 798 1668 849 quasi
1683 802 1723 831 40

236 851 313 890 hoc
343 852 433 902 ipso
465 851 682 891 confessus
713 852 909 891 uideatur
938 854 1159 893 restituere
1191 865 1236 893 se
1266 853 1337 892 uel
1369 853 1569 892 exhibere
1593 854 1669 893 de-

236 907 350 946 bere.
428 908 502 947 sed
549 908 628 947 alio
673 910 763 948 iure
809 911 978 961 utimur,
1025 915 1065 949 et
1108 915 1239 960 recte;
1287 911 1423 962 potius
1469 911 1579 949 enim
1623 916 1671 950 ut

237 964 487 1004 modestiore
523 966 592 1004 uia
623 965 770 1018 litiget,
807 966 1010 1006 arbitrum
1043 968 1222 1019 quisque
1253 969 1376 1018 petit,
1414 979 1539 1019 quam
1572 968 1669 1019 quia

144 1021 221 1059 464
237 1022 469 1061 confitetur.
529 1022 769 1062 Obseruare
804 1021 980 1076 (autem)
1018 1022 1146 1063 debet
1174 1025 1208 1063 is
1241 1025 1312 1076 qui
1341 1024 1436 1063 uult
1466 1024 1668 1063 arbitrum

235 1084 398 1130 petere,
439 1084 485 1118 ut
521 1080 656 1118 statim
692 1085 822 1132 petat,
869 1085 1094 1132 antequam
1134 1093 1187 1120 ex
1220 1082 1311 1120 iure
1349 1087 1486 1131 exeat,
1527 1080 1570 1120 id
1607 1086 1724 1120 est⁴5

236 1141 459 1188 antequam
495 1148 519 1175 a
558 1142 750 1188 praetore
790 1137 994 1187 discedat3
1032 1149 1125 1177 sero
1163 1139 1271 1177 enim
1308 1137 1549 1189 petentibus
1586 1150 1667 1177 non

142 1191 485 1245 465indulgetur.
538 1193 684 1246 Itaque
715 1194 749 1233 si
779 1193 981 1234 arbitrum
1012 1207 1093 1234 non
1124 1195 1298 1246 petierit,
1331 1194 1407 1234 sed
1436 1195 1584 1234 tacitus
1617 1194 1669 1234 de

234 1251 324 1289 iure
357 1251 516 1301 exierit,
549 1263 643 1290 cum
675 1251 861 1303 periculo
891 1264 960 1291 res
991 1251 1042 1291 ad
1076 1253 1232 1291 exitum
1262 1251 1521 1303 perducitur.
1574 1264 1670 1290 nam

233 1312 346 1346 actor
366 1312 566 1359 prouocat
585 1308 874 1348 aduersarium
896 1310 1124 1360 sponsione,
1157 1305 1304 1362 (quod)
1326 1313 1466 1348 contra
1488 1307 1669 1348 edictum

233 1365 435 1416 praetoris
465 1377 548 1404 non
580 1365 818 1404 exhibuerit
847 1371 920 1404 aut
948 1378 1030 1404 non
1061 1367 1306 1415 restituerit3
1338 1365 1408 1405 ille
1434 1370 1573 1404 autem
1595 1365 1670 1405 ad-
1682 1373 1723 1403 20

233 1433 384 1461 uersus
407 1423 672 1473 sponsionem
694 1422 926 1462 aduersarii
945 1422 1229 1475 restipulatur.
1273 1422 1425 1462 deinde
1446 1427 1558 1462 actor
1579 1423 1672 1474 qui-

235 1477 331 1517 dem
370 1480 603 1530 sponsionis
642 1479 865 1518 formulam
905 1479 990 1519 edit
1026 1480 1288 1532 aduersario,
1327 1479 1399 1519 ille
1435 1480 1533 1519 huic
1562 1480 1670 1518 inui-

234 1548 322 1574 cem
361 1535 699 1587 restipulationis.
761 1536 838 1576 sed
875 1542 989 1576 actor
1026 1537 1258 1589 sponsionis
1296 1536 1493 1576 formulae
1527 1535 1670 1576 subicit

234 1598 274 1632 et
310 1592 425 1632 aliud
463 1592 663 1632 iudicium
701 1592 754 1633 de
788 1605 833 1633 re
864 1593 1122 1633 restituenda
1153 1593 1224 1633 uel
1256 1592 1515 1643 exhibenda,
1558 1598 1605 1633 ut
1635 1593 1668 1632 si

234 1651 455 1701 sponsione
501 1651 668 1702 uicerit,
715 1651 793 1690 nisi
835 1652 871 1690 ei
908 1663 975 1690 res
1017 1650 1266 1690 exhibeatur
1301 1656 1374 1690 aut
1412 1651 1724 1701 restituatur-,25

231 1738 243 1793 11
1467 1719 1521 1756 (24
1545 1726 1670 1749 uersus
1681 1743 1760 1776 pag·
1778 1736 1842 1767 242
1889 1735 1892 1758 ³

232 1799 266 1827 in
296 1796 321 1829 C
344 1797 410 1837 leyi
432 1797 614 1838 nequeunt)

228 1874 378 1930 ss—
407 1876 522 1917 aliud
563 1877 700 1917 facere
733 1889 859 1930 quam
890 1877 1332 1930 qu———dicat
1362 1875 1668 1930 qu—-—-1
1683 1890 1759 1923 pag.
1778 1872 1852 1918 maj
1890 1860 1892 1907 ἶ

657 1945 689 1985 (’7
712 1954 836 1977 uersus
859 1946 896 1977 in
923 1944 950 1978 G
973 1946 1040 1985 legi
1063 1945 1242 1985 nequeunt)

1265 2024 1474 2077 appellata
1682 2032 1723 2061 30

325 2141 336 2169 4
368 2137 536 2179 namque]
560 2138 646 2177 conf.
678 2138 736 2171 0⁸⁸
759 2136 772 2181 ΙΙ
797 2139 814 2169 4
843 2139 986 2170 exhibet
1013 2138 1193 2179 Goeschen,
1220 2138 1388 2170 exhibeat
1408 2137 1434 2171 G
1455 2135 1469 2179 ΙΙ
1493 2139 1579 2170 4--5
1606 2138 1667 2170 ab·

231 2184 383 2215 soluitur
407 2184 566 2222 Btuhme,
600 2184 756 2216 absoluit
785 2182 811 2216 C
832 2181 844 2225 ΙΙ
871 2187 888 2215 6
915 2188 1017 2216 actor
1044 2184 1231 2225 Goeschen,
1263 2187 1403 2216 actores
1431 2182 1456 2216 C
1477 2181 1490 2225 ΙΙ
1515 2185 1532 2214 ’7
1559 2193 1667 2225 quem

233 2229 396 2270 Huschke,
433 2238 503 2270 que
544 2229 588 2262 Cn
625 2227 638 2272 ΙΙ
672 2232 690 2261 8
717 2231 859 2271 oportet
894 2229 1058 2269 Huschke,
1096 2227 1287 2270 oportere?
1329 2229 1374 2261 Cn
1409 2227 1422 2271 ΙΙ
1456 2231 1475 2260 9
1513 2229 1557 2260 ad
1592 2238 1667 2261 sen-

228 2277 372 2307 tentiam
396 2276 590 2315 suppletum
615 2277 664 2307 est
699 2273 711 2316 ΙΙ
748 2277 788 2306 40
815 2274 1005 2316 iudicium]
1032 2272 1269 2314 iudiciotmiff
1298 2274 1324 2307 C
1358 2272 1370 2316 ΙΙ
1407 2272 1452 2315 ei]
1477 2271 1555 2306 eia?
1597 2274 1623 2308 0
1656 2273 1669 2316 ΙΙ

234 2322 365 2352 42-44
392 2321 478 2360 conf.
509 2319 566 2352 Cas
600 2317 613 2362 ΙΙ
649 2323 690 2352 42
716 2321 837 2361 potius
866 2321 1056 2362 Goudsmit‚
1094 2320 1190 2352 tius?
1219 2320 1243 2352 C
1276 2318 1290 2362 ΙΙ
1324 2322 1366 2352 48
1392 2319 1517 2361 litiget]
1540 2319 1668 2360 litigiet

237 2366 261 2397 C
298 2365 309 2406 Η
344 2367 384 2397 44
419 2369 537 2398 autem
570 2374 596 2398 e.
627 2375 659 2406 9.
691 2367 847 2398 additum
876 2369 925 2398 est
959 2365 972 2408 ΙΙ
1010 2369 1050 2398 45
1077 2375 1119 2398 ex
1149 2365 1189 2407 C;
1226 2367 1402 2405 expectari
1433 2365 1477 2397 de
1500 2365 1667 2397 intellexit

234 2412 320 2442 Kalb
356 2413 391 2443 ih
426 2411 610 2452 Woelfflim'
646 2411 770 2443 Archiv
805 2412 865 2451 sur
901 2411 1096 2443 lateinische
1133 2411 1402 2452 Leoeikoyraphie
1438 2411 1455 2442 I
1478 2419 1557 2451 paq.
1583 2413 1627 2442 86
1654 2407 1668 2451 ΙΙ

232 2459 273 2486 47
303 2456 519 2498 indulgetur]
552 2456 783 2497 indulgentur
811 2456 836 2489 C
874 2457 888 2497 ΙΙ
929 2458 1050 2497 itaque
1079 2456 1265 2497 Goeschen,
1304 2453 1389 2497 ihq‘?
1430 2455 1485 2497 Cn,
1521 2456 1580 2488 sed
1606 2456 1664 2494 aa,

231 2505 267 2532 ut
300 2503 449 2534 secunda
480 2502 522 2542 (et
550 2502 698 2542 fortasse
723 2504 838 2542 prima
867 2504 1009 2542 quoque)
1047 2503 1172 2534 harum
1204 2503 1398 2534 litterarum
1427 2502 1666 2533 correctionem

230 2555 333 2585 passa
367 2556 438 2579 esse
466 2549 629 2580 uideatur
668 2547 683 2588 u
723 2550 764 2578 49
791 2549 985 2589 sponsione
1012 2547 1173 2589 Hollwey,
1205 2548 1435 2588 sponsionem
1464 2545 1490 2578 C
1519 2545 1533 2585 ΙΙ
1565 2544 1663 2586 quod

233 2601 295 2622 om.
325 2592 350 2624 C
388 2593 401 2632 ΙΙ
443 2595 483 2624 23
516 2594 686 2633 suppleuit
710 2593 882 2634 Huschke,
914 2593 1000 2634 conf.
1035 2597 1148 2625 tamen
1175 2592 1215 2625 ca
1247 2592 1261 2633 ΙΙ
1293 2595 1334 2623 26
1361 2592 1562 2624 sententiam
1586 2594 1665 2630 post

234 2638 442 2669 restituatur
466 2640 549 2670 duce
575 2639 760 2679 Hollweyio
783 2641 833 2671 ita
856 2639 928 2679 fere
948 2640 1114 2680 perficere
1135 2640 1262 2678 possis:
1288 2638 1412 2678 quanti
1437 2645 1479 2668 ea
1505 2645 1562 2668 res
1587 2636 1664 2678 erit,

233 2682 465 2714 aduersarius
491 2685 521 2715 ei
548 2684 821 2716 condemnetur.
