1892 3095
259 162 302 193 ιν
319 162 529 201 §ua-14⁸
765 182 880 190 ...-
941 161 1020 200 192
1079 184 1192 191 .-

167 288 243 326 444
260 298 386 326 causa
417 291 639 338 conparata
670 292 768 325 sunt
788 286 859 325 uel
879 285 1121 325 retinendae
1143 285 1214 325 uel
1234 285 1544 338 reciperandae.
1595 285 1696 327 Adi-

258 342 483 396 piscendae
514 343 788 395 possessionis
820 355 945 382 causa
975 342 1241 382 interdictum
1266 343 1600 383 accommodatur
1619 344 1696 383 bo-

258 413 407 440 norum
445 401 698 453 possessori,
742 401 860 439 cuius
905 400 1155 452 principium
1197 404 1262 439 est
1301 411 1457 446 Qvonvm
1495 412 1691 451 nononvm

259 459 432 510 eiusque
471 459 536 497 uis
568 462 610 496 et
638 461 824 509 potestas
853 457 957 496 haec
987 462 1068 507 est,
1113 461 1159 496 ut
1188 456 1302 509 quod
1334 458 1516 510 quisque
1548 470 1601 497 ex
1631 459 1694 497 his

259 515 378 554 bonis
410 527 591 567 quorum
620 515 831 566 possessio
863 513 986 553 alicui
1018 513 1113 553 data
1138 518 1211 564 est,
1243 525 1319 565 pro
1348 513 1506 554 herede
1527 520 1599 554 aut
1618 527 1727 567 pro5

258 583 503 624 possessore
526 571 541 624 Η
562 570 788 623 possideat,
819 570 863 610 id
894 572 932 610 ei
963 572 1029 610 eui
1060 570 1264 610 bonorum
1284 572 1496 622 possessio
1518 571 1613 611 data
1634 577 1698 611 est
1708 591 1787 624 pag.
1806 585 1847 616 2³

258 631 514 669 restituatur.
557 639 632 679 pro
655 627 811 667 herede
834 633 972 667 autem
1003 628 1220 680 possidere
1253 627 1422 667 uidetur
1452 633 1535 667 tam
1566 630 1600 668 is
1623 630 1696 681 qui

259 686 382 725 heres
420 690 501 736 est,
540 696 664 737 quam
702 685 736 723 is
776 686 848 737 qui
884 689 1004 736 putat
1033 697 1079 724 se
1111 684 1309 724 heredem
1340 696 1452 724 esse:
1492 696 1568 737 pro
1600 697 1697 737 pos-

259 754 425 782 sessore
462 743 496 782 is
533 741 721 793 possidet
758 743 830 794 qui
869 742 957 781 sine
995 754 1121 781 causa
1157 741 1339 794 aliquam
1368 753 1458 781 rem
1488 742 1697 782 heredita-

259 801 363 838 riam
402 797 471 838 uel
507 800 629 838 etiam
667 803 793 837 totam
824 798 1098 838 hereditatem
1129 800 1264 838 sciens
1295 797 1349 838 ad
1381 811 1425 838 se
1456 811 1538 838 non
1568 801 1750 851 perti-⁴⁰

260 869 360 895 nere
381 855 579 907 possidet.
630 855 724 895 ideo
746 860 886 894 autem
908 854 1203 907 adipiscendae
1223 857 1501 908 possessionis
1522 861 1696 896 uocatur

259 911 581 964 (interdictum),
620 913 722 964 quia
760 913 797 951 ei
827 916 988 950 tantum
1019 912 1121 952 utile
1154 918 1235 964 est,
1269 914 1341 966 qui
1372 925 1485 953 nunc
1515 915 1694 965 primum

260 975 434 1009 conatur
463 968 642 1022 adipisci
675 970 736 1008 rei
771 970 1091 1021 possessionem.
1153 971 1293 1022 itaque
1325 971 1359 1009 si
1391 971 1485 1023 quis
1516 970 1695 1023 adeptus

258 1027 567 1079 possessionem
598 1027 800 1077 amiserit,
840 1025 991 1065 desinit
1022 1027 1058 1065 ei
1088 1025 1132 1065 id
1161 1026 1423 1066 interdictum
1454 1027 1556 1067 utile
1587 1039 1693 1067 esse.

168 1084 245 1122 ⁴45
260 1085 466 1123 Bonorum
509 1095 678 1136 quoque
716 1084 891 1135 emptori
923 1082 1112 1122 similiter
1145 1085 1393 1135 proponitur
1429 1084 1751 1127 interdictum⁴5

168 1142 245 1179 446
262 1140 376 1192 quod
413 1140 584 1193 quidam
621 1141 927 1192 possessorium
969 1145 1127 1179 uocant.
1191 1141 1291 1179 Item
1323 1142 1380 1192 ei,
1418 1142 1490 1194 qui
1525 1141 1694 1194 publica

260 1198 370 1237 bona
411 1199 574 1248 emerit,
619 1196 808 1237 eiusdem
854 1196 1104 1236 condicionis
1146 1197 1412 1237 interdictum
1450 1200 1698 1250 proponitur

261 1254 375 1307 quod
406 1254 644 1307 appellatur
675 1255 910 1306 sectorium,
943 1254 1058 1306 quod
1089 1260 1272 1294 sectores
1304 1259 1505 1294 uocantur
1527 1257 1598 1308 qui
1619 1268 1699 1307 pu-

167 1311 371 1351 447b1i0e
401 1312 511 1351 bona
542 1316 794 1351 mercantur.
842 1311 1111 1351 Interdictum
1134 1324 1304 1365 quoque
1325 1311 1439 1364 quod
1459 1312 1698 1364 appellatur

261 1369 503 1409 Saluianum
549 1367 842 1420 adipiscendae
886 1370 1162 1421 possessionis
1207 1368 1382 1422 <causa>
1426 1375 1749 1421 conparatum2o

262 1431 341 1478 est,
383 1438 519 1478 eoque
558 1427 687 1465 utitur
717 1425 910 1465 dominus
942 1425 1061 1465 fundi
1099 1425 1152 1465 de
1182 1426 1313 1466 rebus
1345 1426 1490 1478 coloni,
1524 1439 1629 1479 quas
1662 1428 1696 1466 is

168 1495 334 1535 448ρνο
365 1482 629 1523 mercedibus
660 1481 779 1522 fundi
815 1484 978 1535 pignori
1009 1483 1171 1523 futuras
1201 1485 1444 1536 pepigisset.
1505 1485 1698 1524 Retinen-

263 1541 340 1580 dae
376 1540 654 1592 possessionis
697 1552 822 1579 causa
872 1539 976 1579 solet
1018 1540 1283 1580 interdictum
1323 1540 1463 1592 reddi,
1511 1553 1605 1580 cum
1641 1540 1695 1581 ab

263 1603 442 1649 utraque
478 1602 596 1649 parte
634 1597 686 1636 de
720 1598 975 1649 proprietate
1006 1597 1182 1637 alicuius
1213 1599 1274 1637 rei
1305 1599 1589 1638 controuersia
1619 1603 1694 1650 est,

261 1660 303 1694 et
337 1659 431 1694 ante
469 1655 702 1706 quaeritur,
746 1659 842 1694 uter
878 1666 931 1693 ex
966 1654 1243 1707 litigatoribus
1278 1654 1496 1706 possidere
1533 1660 1574 1694 et
1602 1661 1750 1695 uter25

352 1835 372 1875 ς
398 1837 461 1867 444
496 1835 569 1867 fere
594 1835 935 1876 =1nst.4‚⁴5,a
965 1831 1115 1877 115447
1144 1835 1296 1867 =1nst.
1323 1837 1359 1876 4,
1386 1837 1447 1878 45,
1474 1838 1492 1868 3
1532 1836 1547 1878 ῃ
1586 1837 1696 1877 §⁴⁴8

261 1880 336 1914 fere
363 1895 403 1908 =
429 1882 516 1913 lnst.
544 1882 574 1921 4,
602 1883 655 1922 45,
682 1882 712 1912 4.

258 1962 533 1980 m

807 1969 826 1979 -t

355 2041 367 2069 4
398 2037 620 2079 retinendae]
655 2038 865 2070 retinendae
896 2038 1136 2080 possessionis
1169 2047 1278 2071 causa
1311 2039 1543 2071 interdictum
1570 2039 1698 2080 (deletis

261 2088 375 2117 tamen
417 2084 526 2116 tribus
549 2085 680 2117 ultimis
709 2083 897 2124 uocabulis)
920 2083 965 2116 Cn
987 2082 1000 2126 ΙΙ
1025 2086 1044 2115 2
1083 2084 1382 2116 accommodatur
1422 2085 1514 2127 Insa,
1553 2094 1697 2118 accom-

262 2130 477 2161 modaturur
509 2129 554 2162 Cn
592 2128 605 2172 ΙΙ
647 2131 663 2161 4
698 2131 849 2171 eiusque
880 2129 936 2161 uis
961 2130 1058 2171 Insa,
1089 2131 1164 2162 eius
1191 2130 1273 2170 quis
1307 2129 1333 2162 C
1369 2128 1382 2174 Ιῐ
1423 2131 1509 2162 4-5
1542 2132 1697 2173 quisque

261 2185 303 2207 ex
342 2176 396 2207 his
435 2175 540 2207 bonis
567 2175 606 2216 C,
644 2185 687 2207 ex
723 2175 778 2207 his
816 2175 921 2206 bonis
959 2176 1112 2216 quisque
1152 2176 1232 2207 Inst.
1279 2173 1292 2217 ΙΙ
1339 2178 1357 2208 5
1383 2177 1437 2207 est
1463 2177 1560 2218 Inst.‚
1586 2180 1641 2209 est
1665 2179 1695 2209 si

266 2221 311 2253 Cn
335 2220 347 2263 Ι]
373 2223 390 2252 6
418 2221 601 2261 possideat
626 2222 723 2261 lust„
748 2221 951 2261 possideret
978 2220 1003 2252 C
1023 2220 1036 2263 ΙΙ
1061 2224 1078 2252 8
1107 2222 1210 2252 heres
1242 2220 1306 2261 est]
1338 2221 1426 2262 conf.
1458 2221 1500 2253 ca
1520 2230 1600 2263 pay.
1628 2224 1697 2256 270

260 2276 351 2298 uers.
374 2270 414 2298 40
454 2265 467 2308 ss
506 2275 612 2307 quam
643 2266 826 2307 Goeschen,
852 2275 945 2307 quae
974 2266 1019 2298 Cn
1058 2264 1071 2309 ΙΙ
1111 2269 1129 2298 9
1161 2266 1318 2307 aliquam
1348 2267 1528 2309 Goeschen‚
1553 2268 1696 2310 aliquae

265 2311 311 2344 Cn
357 2309 369 2354 ΙΙ
419 2314 458 2342 42
485 2313 717 2344 interdictum
744 2313 836 2353 Inst„
861 2320 924 2343 om.
955 2311 981 2344 C
1025 2308 1037 2353 ll
1085 2312 1169 2353 quia
1195 2312 1287 2353 Inst„
1312 2321 1335 2353 q
1363 2311 1388 2344 C
1424 2309 1437 2353 ΙΙ
1477 2315 1517 2345 43
1543 2313 1696 2354 adipisci

264 2358 355 2398 Inst„
379 2356 540 2398 adipis-ce
571 2358 596 2390 C
629 2355 641 2399 ΙΙ
677 2359 718 2389 46
744 2358 907 2389 amiserit
933 2356 970 2398 C,
1004 2358 1167 2390 amiserit
1195 2366 1274 2389 eam
1306 2358 1387 2391 Inst.
1421 2355 1435 2400 ΙΙ
1464 2359 1696 2391 interdictum

263 2403 355 2443 Inst„
381 2403 532 2434 idictum
559 2402 584 2435 C
627 2401 641 2445 ΙΙ
689 2405 730 2434 48
752 2411 817 2442 pro
847 2403 956 2434 altero
986 2403 1084 2443 quod
1110 2403 1169 2444 (sic
1196 2402 1253 2441 Cn)
1281 2407 1437 2443 expectes
1462 2405 1547 2445 quia
1592 2402 1606 2447 ΙΙ
1654 2406 1694 2436 49

259 2451 336 2488 post
372 2451 581 2480 mercantur
615 2450 652 2480 in
691 2447 716 2480 C
747 2457 811 2487 per
847 2457 999 2479 errorem
1034 2450 1179 2488 repetita
1214 2451 1296 2480 sunt
1325 2449 1433 2480 uerba
1463 2450 1524 2490 qui
1549 2449 1693 2490 publice

262 2502 357 2525 uona
393 2498 599 2526 mercantur
644 2492 657 2536 Η
705 2496 744 2525 20
784 2493 1040 2535 adipiscendae
1079 2494 1170 2535 lust„
1207 2494 1423 2535 apiscendae
1460 2494 1486 2527 C
1529 2491 1542 2537 ΙΙ
1587 2503 1695 2526 causa

264 2539 354 2580 Insl„
394 2548 458 2571 om.
486 2539 511 2571 C
555 2539 568 2582 ΙΙ
614 2541 759 2571 24-22
801 2540 830 2571 is
873 2548 936 2580 pro
978 2539 1210 2571 mercedibus
1253 2540 1331 2571 [nst.
1368 2538 1696 2581 §ipsemercedibus

264 2585 331 2623 (sic)
372 2584 397 2617 C
442 2581 454 2627 n
502 2587 543 2616 22
581 2586 723 2626 pignori
760 2585 898 2617 suturas
934 2593 979 2617 ex
1016 2586 1177 2625 pignoris
1213 2585 1371 2618 futuram
1396 2588 1586 2617 correctum
1613 2584 1638 2617 C
1683 2583 1695 2628 ΙΙ

264 2631 303 2660 24
332 2632 484 2670 utraque
511 2631 607 2672 lust,
642 2632 797 2671 utroque
826 2630 851 2663 C
888 2626 901 2674 fl
940 2632 994 2662 est
1022 2629 1060 2672 C,
1091 2631 1138 2662 sit
1171 2630 1252 2662 Inst.
1292 2628 1305 2672 ΙΙ
1345 2633 1386 2662 25
1412 2630 1531 2670 (altero
1555 2630 1635 2671 loco)
1662 2634 1697 2663 et

263 2675 349 2706 delet
374 2675 554 2708 Polenaar.
