<?xml version="1.0" encoding="UTF-8"?>
<!DOCTYPE html PUBLIC "-//W3C//DTD XHTML 1.0 Transitional//EN"
    "http://www.w3.org/TR/xhtml1/DTD/xhtml1-transitional.dtd">
<html xmlns="http://www.w3.org/1999/xhtml" xml:lang="en" lang="en">
 <head>
  <title>
</title>
<meta http-equiv="Content-Type" content="text/html;charset=utf-8" />
  <meta name='ocr-system' content='tesseract 3.04.00' />
  <meta name='ocr-capabilities' content='ocr_page ocr_carea ocr_par ocr_line ocrx_word'/>
</head>
<body>
  <div class='ocr_page' id='page_1' title='image "./collectiolibroru01krue_0012.png"; bbox 0 0 1872 3095; ppageno 0'>
   <div class='ocr_carea' id='block_1_1' title="bbox 926 176 1168 202">
    <p class='ocr_par' dir='ltr' id='par_1_1' title="bbox 926 176 1168 202">
     <span class='ocr_line' id='line_1_1' title="bbox 926 176 1168 202; baseline 0.004 -1"><span class='ocrx_word' id='word_1_1' title='bbox 926 176 997 202; x_wconf 70' lang='lat' dir='ltr'>VH!</span> <span class='ocrx_word' id='word_1_2' title='bbox 1055 185 1168 192; x_wconf 88' lang='lat'><em>-——·</em></span> 
     </span>
    </p>
   </div>
   <div class='ocr_carea' id='block_1_2' title="bbox 754 186 869 195">
    <p class='ocr_par' dir='ltr' id='par_1_2' title="bbox 754 186 869 195">
     <span class='ocr_line' id='line_1_2' title="bbox 754 186 869 195; baseline 0 2900"><span class='ocrx_word' id='word_1_3' title='bbox 754 186 869 195; x_wconf 95' lang='lat' dir='ltr'> </span> 
     </span>
    </p>
   </div>
   <div class='ocr_carea' id='block_1_3' title="bbox 172 286 1746 2157">
    <p class='ocr_par' dir='ltr' id='par_1_3' title="bbox 172 286 1746 1590">
     <span class='ocr_line' id='line_1_3' title="bbox 295 286 1743 338; baseline -0.004 -6"><span class='ocrx_word' id='word_1_4' title='bbox 295 294 338 332; x_wconf 91' lang='lat' dir='ltr'>In</span> <span class='ocrx_word' id='word_1_5' title='bbox 370 289 654 331; x_wconf 89' lang='lat' dir='ltr'>constituendo</span> <span class='ocrx_word' id='word_1_6' title='bbox 687 293 881 327; x_wconf 87' lang='lat' dir='ltr'>contextu</span> <span class='ocrx_word' id='word_1_7' title='bbox 916 292 1082 338; x_wconf 88' lang='lat' dir='ltr'>praeter</span> <span class='ocrx_word' id='word_1_8' title='bbox 1120 286 1404 338; x_wconf 77' lang='lat' dir='ltr'>apographum</span> <span class='ocrx_word' id='word_1_9' title='bbox 1443 299 1582 326; x_wconf 90' lang='lat' dir='ltr'>meum</span> <span class='ocrx_word' id='word_1_10' title='bbox 1624 286 1743 326; x_wconf 90' lang='lat' dir='ltr'>adbi-</span> 
     </span>
     <span class='ocr_line' id='line_1_4' title="bbox 179 344 1740 397; baseline -0.004 -8"><span class='ocrx_word' id='word_1_11' title='bbox 179 351 344 390; x_wconf 85' lang='lat' dir='ltr'>buimus</span> <span class='ocrx_word' id='word_1_12' title='bbox 376 348 572 396; x_wconf 86' lang='lat' dir='ltr'>subsidia,</span> <span class='ocrx_word' id='word_1_13' title='bbox 615 358 721 397; x_wconf 88' lang='lat' dir='ltr'>quae</span> <span class='ocrx_word' id='word_1_14' title='bbox 753 347 792 383; x_wconf 90' lang='lat' dir='ltr'>in</span> <span class='ocrx_word' id='word_1_15' title='bbox 829 344 952 383; x_wconf 89' lang='lat' dir='ltr'>huius</span> <span class='ocrx_word' id='word_1_16' title='bbox 991 344 1255 395; x_wconf 87' lang='lat' dir='ltr'>praefationis</span> <span class='ocrx_word' id='word_1_17' title='bbox 1293 344 1406 382; x_wconf 86' lang='lat' dir='ltr'>initio</span> <span class='ocrx_word' id='word_1_18' title='bbox 1446 344 1740 392; x_wconf 83' lang='lat' dir='ltr'>iudicauimus;</span> 
     </span>
     <span class='ocr_line' id='line_1_5' title="bbox 181 400 1743 457; baseline -0.004 -11"><span class='ocrx_word' id='word_1_19' title='bbox 181 409 218 446; x_wconf 94' lang='lat' dir='ltr'>in</span> <span class='ocrx_word' id='word_1_20' title='bbox 252 408 313 445; x_wconf 79' lang='lat' dir='ltr'>liis</span> <span class='ocrx_word' id='word_1_21' title='bbox 353 407 579 457; x_wconf 83' lang='lat' dir='ltr'>principem</span> <span class='ocrx_word' id='word_1_22' title='bbox 621 403 755 440; x_wconf 89' lang='lat' dir='ltr'>locum</span> <span class='ocrx_word' id='word_1_23' title='bbox 793 400 845 440; x_wconf 89' lang='lat' dir='ltr'>ad</span> <span class='ocrx_word' id='word_1_24' title='bbox 883 400 978 439; x_wconf 83' lang='lat' dir='ltr'>libri</span> <span class='ocrx_word' id='word_1_25' title='bbox 1018 401 1047 439; x_wconf 88' lang='lat' dir='ltr'>C</span> <span class='ocrx_word' id='word_1_26' title='bbox 1074 400 1292 440; x_wconf 89' lang='lat' dir='ltr'>lectionem</span> <span class='ocrx_word' id='word_1_27' title='bbox 1324 400 1608 451; x_wconf 83' lang='lat' dir='ltr'>imperfectam</span> <span class='ocrx_word' id='word_1_28' title='bbox 1640 413 1743 452; x_wconf 90' lang='lat' dir='ltr'>sup-</span> 
     </span>
     <span class='ocr_line' id='line_1_6' title="bbox 178 457 1744 515; baseline -0.003 -14"><span class='ocrx_word' id='word_1_29' title='bbox 178 463 371 515; x_wconf 77' lang='lat' dir='ltr'>plendam</span> <span class='ocrx_word' id='word_1_30' title='bbox 406 462 471 501; x_wconf 85' lang='lat' dir='ltr'>uel</span> <span class='ocrx_word' id='word_1_31' title='bbox 506 460 775 511; x_wconf 85' lang='lat' dir='ltr'>deprauatam</span> <span class='ocrx_word' id='word_1_32' title='bbox 806 457 1093 509; x_wconf 79' lang='lat' dir='ltr'>corrigendam</span> <span class='ocrx_word' id='word_1_33' title='bbox 1133 462 1275 496; x_wconf 89' lang='lat' dir='ltr'>tenent</span> <span class='ocrx_word' id='word_1_34' title='bbox 1311 468 1383 495; x_wconf 90' lang='lat' dir='ltr'>eae</span> <span class='ocrx_word' id='word_1_35' title='bbox 1419 457 1646 508; x_wconf 72' lang='lat' dir='ltr'>particulae</span> <span class='ocrx_word' id='word_1_36' title='bbox 1679 458 1744 496; x_wconf 93' lang='lat' dir='ltr'>In-</span> 
     </span>
     <span class='ocr_line' id='line_1_7' title="bbox 178 513 1742 566; baseline -0.003 -8"><span class='ocrx_word' id='word_1_37' title='bbox 178 522 432 558; x_wconf 87' lang='lat' dir='ltr'>stitutionum</span> <span class='ocrx_word' id='word_1_38' title='bbox 471 518 737 564; x_wconf 88' lang='lat' dir='ltr'>Gaianarum,</span> <span class='ocrx_word' id='word_1_39' title='bbox 785 525 893 566; x_wconf 88' lang='lat' dir='ltr'>quae</span> <span class='ocrx_word' id='word_1_40' title='bbox 932 515 972 552; x_wconf 90' lang='lat' dir='ltr'>in</span> <span class='ocrx_word' id='word_1_41' title='bbox 1011 515 1222 553; x_wconf 91' lang='lat' dir='ltr'>Iustiniani</span> <span class='ocrx_word' id='word_1_42' title='bbox 1259 513 1434 565; x_wconf 80' lang='lat' dir='ltr'>Digestis</span> <span class='ocrx_word' id='word_1_43' title='bbox 1472 514 1742 553; x_wconf 84' lang='lat' dir='ltr'>Institutioni-</span> 
     </span>
     <span class='ocr_line' id='line_1_8' title="bbox 177 570 1742 626; baseline -0.004 -11"><span class='ocrx_word' id='word_1_44' title='bbox 177 577 313 615; x_wconf 92' lang='lat' dir='ltr'>busue</span> <span class='ocrx_word' id='word_1_45' title='bbox 344 575 550 626; x_wconf 89' lang='lat' dir='ltr'>leguntur.</span> <span class='ocrx_word' id='word_1_46' title='bbox 613 571 769 618; x_wconf 89' lang='lat' dir='ltr'>Quodsi</span> <span class='ocrx_word' id='word_1_47' title='bbox 801 582 908 622; x_wconf 91' lang='lat' dir='ltr'>quae</span> <span class='ocrx_word' id='word_1_48' title='bbox 941 570 1243 622; x_wconf 83' lang='lat' dir='ltr'>discrepantiae</span> <span class='ocrx_word' id='word_1_49' title='bbox 1274 570 1460 609; x_wconf 90' lang='lat' dir='ltr'>lectionis</span> <span class='ocrx_word' id='word_1_50' title='bbox 1498 571 1540 609; x_wconf 90' lang='lat' dir='ltr'>in</span> <span class='ocrx_word' id='word_1_51' title='bbox 1574 571 1603 609; x_wconf 86' lang='lat' dir='ltr'><strong>C</strong></span> <span class='ocrx_word' id='word_1_52' title='bbox 1632 577 1673 610; x_wconf 93' lang='lat' dir='ltr'>et</span> <span class='ocrx_word' id='word_1_53' title='bbox 1704 572 1742 609; x_wconf 86' lang='lat' dir='ltr'>in</span> 
     </span>
     <span class='ocr_line' id='line_1_9' title="bbox 177 627 1743 679; baseline -0.003 -8"><span class='ocrx_word' id='word_1_54' title='bbox 177 646 258 672; x_wconf 90' lang='lat' dir='ltr'>uno</span> <span class='ocrx_word' id='word_1_55' title='bbox 290 632 473 670; x_wconf 88' lang='lat' dir='ltr'>alteroue</span> <span class='ocrx_word' id='word_1_56' title='bbox 506 642 555 669; x_wconf 86' lang='lat' dir='ltr'>ex</span> <span class='ocrx_word' id='word_1_57' title='bbox 587 629 668 667; x_wconf 92' lang='lat' dir='ltr'>illis</span> <span class='ocrx_word' id='word_1_58' title='bbox 700 627 898 667; x_wconf 92' lang='lat' dir='ltr'>subsidiis</span> <span class='ocrx_word' id='word_1_59' title='bbox 930 627 1096 666; x_wconf 92' lang='lat' dir='ltr'>obuiam</span> <span class='ocrx_word' id='word_1_60' title='bbox 1129 627 1296 679; x_wconf 86' lang='lat' dir='ltr'>fiebant,</span> <span class='ocrx_word' id='word_1_61' title='bbox 1330 640 1436 679; x_wconf 89' lang='lat' dir='ltr'>quae</span> <span class='ocrx_word' id='word_1_62' title='bbox 1463 632 1669 679; x_wconf 90' lang='lat' dir='ltr'>utraeque</span> <span class='ocrx_word' id='word_1_63' title='bbox 1690 627 1743 667; x_wconf 94' lang='lat' dir='ltr'>ad</span> 
     </span>
     <span class='ocr_line' id='line_1_10' title="bbox 177 684 1745 736; baseline -0.004 -8"><span class='ocrx_word' id='word_1_64' title='bbox 177 690 369 728; x_wconf 88' lang='lat' dir='ltr'>orationis</span> <span class='ocrx_word' id='word_1_65' title='bbox 402 688 578 726; x_wconf 79' lang='lat' dir='ltr'>Gaianae</span> <span class='ocrx_word' id='word_1_66' title='bbox 610 684 792 723; x_wconf 87' lang='lat' dir='ltr'>indolem</span> <span class='ocrx_word' id='word_1_67' title='bbox 815 684 1083 736; x_wconf 87' lang='lat' dir='ltr'>quadrarent,</span> <span class='ocrx_word' id='word_1_68' title='bbox 1117 684 1269 723; x_wconf 91' lang='lat' dir='ltr'>codicis</span> <span class='ocrx_word' id='word_1_69' title='bbox 1296 684 1325 722; x_wconf 88' lang='lat' dir='ltr'>C</span> <span class='ocrx_word' id='word_1_70' title='bbox 1345 684 1563 723; x_wconf 87' lang='lat' dir='ltr'>lectionem</span> <span class='ocrx_word' id='word_1_71' title='bbox 1585 685 1625 722; x_wconf 91' lang='lat' dir='ltr'>in</span> <span class='ocrx_word' id='word_1_72' title='bbox 1648 696 1745 723; x_wconf 90' lang='lat' dir='ltr'>con-</span> 
     </span>
     <span class='ocr_line' id='line_1_11' title="bbox 176 740 1742 794; baseline -0.003 -9"><span class='ocrx_word' id='word_1_73' title='bbox 176 752 333 785; x_wconf 84' lang='lat' dir='ltr'>textum</span> <span class='ocrx_word' id='word_1_74' title='bbox 366 745 611 794; x_wconf 86' lang='lat' dir='ltr'>recepimus.</span> <span class='ocrx_word' id='word_1_75' title='bbox 673 742 866 780; x_wconf 91' lang='lat' dir='ltr'>Ceterum</span> <span class='ocrx_word' id='word_1_76' title='bbox 903 742 943 780; x_wconf 90' lang='lat' dir='ltr'>in</span> <span class='ocrx_word' id='word_1_77' title='bbox 983 741 1094 780; x_wconf 91' lang='lat' dir='ltr'>hunc</span> <span class='ocrx_word' id='word_1_78' title='bbox 1130 741 1313 780; x_wconf 87' lang='lat' dir='ltr'>codicem</span> <span class='ocrx_word' id='word_1_79' title='bbox 1352 740 1561 791; x_wconf 87' lang='lat' dir='ltr'>permulta</span> <span class='ocrx_word' id='word_1_80' title='bbox 1592 740 1742 780; x_wconf 89' lang='lat' dir='ltr'>menda</span> 
     </span>
     <span class='ocr_line' id='line_1_12' title="bbox 176 797 1743 850; baseline -0.003 -9"><span class='ocrx_word' id='word_1_81' title='bbox 176 803 391 841; x_wconf 70' lang='lat' dir='ltr'>influxisse</span> <span class='ocrx_word' id='word_1_82' title='bbox 432 806 471 839; x_wconf 88' lang='lat' dir='ltr'>et</span> <span class='ocrx_word' id='word_1_83' title='bbox 507 798 792 850; x_wconf 79' lang='lat' dir='ltr'>apographum</span> <span class='ocrx_word' id='word_1_84' title='bbox 831 810 971 837; x_wconf 90' lang='lat' dir='ltr'>meum</span> <span class='ocrx_word' id='word_1_85' title='bbox 1012 799 1203 850; x_wconf 91' lang='lat' dir='ltr'>quisquis</span> <span class='ocrx_word' id='word_1_86' title='bbox 1242 797 1376 836; x_wconf 87' lang='lat' dir='ltr'>obiter</span> <span class='ocrx_word' id='word_1_87' title='bbox 1420 797 1646 850; x_wconf 87' lang='lat' dir='ltr'>perlegerit</span> <span class='ocrx_word' id='word_1_88' title='bbox 1681 799 1743 837; x_wconf 89' lang='lat' dir='ltr'>in-</span> 
     </span>
     <span class='ocr_line' id='line_1_13' title="bbox 175 854 1746 909; baseline -0.003 -12"><span class='ocrx_word' id='word_1_89' title='bbox 175 857 384 909; x_wconf 74' lang='lat' dir='ltr'>telleget5)</span> <span class='ocrx_word' id='word_1_90' title='bbox 417 862 456 896; x_wconf 90' lang='lat' dir='ltr'>et</span> <span class='ocrx_word' id='word_1_91' title='bbox 487 856 729 894; x_wconf 81' lang='lat' dir='ltr'>confirmant</span> <span class='ocrx_word' id='word_1_92' title='bbox 759 854 947 894; x_wconf 88' lang='lat' dir='ltr'>subsidia</span> <span class='ocrx_word' id='word_1_93' title='bbox 979 854 1049 893; x_wconf 90' lang='lat' dir='ltr'>illa</span> <span class='ocrx_word' id='word_1_94' title='bbox 1081 856 1120 893; x_wconf 91' lang='lat' dir='ltr'>in</span> <span class='ocrx_word' id='word_1_95' title='bbox 1153 856 1212 894; x_wconf 92' lang='lat' dir='ltr'>eis</span> <span class='ocrx_word' id='word_1_96' title='bbox 1251 854 1374 904; x_wconf 92' lang='lat' dir='ltr'>locis,</span> <span class='ocrx_word' id='word_1_97' title='bbox 1414 854 1466 894; x_wconf 92' lang='lat' dir='ltr'>ad</span> <span class='ocrx_word' id='word_1_98' title='bbox 1504 866 1612 906; x_wconf 88' lang='lat' dir='ltr'>quae</span> <span class='ocrx_word' id='word_1_99' title='bbox 1642 854 1746 894; x_wconf 91' lang='lat' dir='ltr'>haec</span> 
     </span>
     <span class='ocr_line' id='line_1_14' title="bbox 177 910 1744 964; baseline -0.003 -10"><span class='ocrx_word' id='word_1_100' title='bbox 177 920 327 955; x_wconf 79' lang='lat' dir='ltr'>extant.</span> <span class='ocrx_word' id='word_1_101' title='bbox 388 913 523 964; x_wconf 83' lang='lat' dir='ltr'>Atque</span> <span class='ocrx_word' id='word_1_102' title='bbox 555 917 601 951; x_wconf 92' lang='lat' dir='ltr'>ut</span> <span class='ocrx_word' id='word_1_103' title='bbox 631 913 812 950; x_wconf 91' lang='lat' dir='ltr'>omittam</span> <span class='ocrx_word' id='word_1_104' title='bbox 844 911 1154 963; x_wconf 88' lang='lat' dir='ltr'>neglegentium</span> <span class='ocrx_word' id='word_1_105' title='bbox 1186 910 1451 950; x_wconf 85' lang='lat' dir='ltr'>librariorum</span> <span class='ocrx_word' id='word_1_106' title='bbox 1473 911 1641 950; x_wconf 88' lang='lat' dir='ltr'>calamis</span> <span class='ocrx_word' id='word_1_107' title='bbox 1663 923 1744 950; x_wconf 93' lang='lat' dir='ltr'>non</span> 
     </span>
     <span class='ocr_line' id='line_1_15' title="bbox 174 967 1743 1024; baseline -0.001 -15"><span class='ocrx_word' id='word_1_108' title='bbox 174 984 304 1024; x_wconf 88' lang='lat' dir='ltr'>pauca</span> <span class='ocrx_word' id='word_1_109' title='bbox 336 970 563 1009; x_wconf 91' lang='lat' dir='ltr'>uerborum</span> <span class='ocrx_word' id='word_1_110' title='bbox 595 973 777 1008; x_wconf 90' lang='lat' dir='ltr'>monstra</span> <span class='ocrx_word' id='word_1_111' title='bbox 808 968 1025 1019; x_wconf 87' lang='lat' dir='ltr'>excidisse,</span> <span class='ocrx_word' id='word_1_112' title='bbox 1062 974 1105 1008; x_wconf 90' lang='lat' dir='ltr'>ut</span> <span class='ocrx_word' id='word_1_113' title='bbox 1135 969 1316 1006; x_wconf 87' lang='lat' dir='ltr'>omittam</span> <span class='ocrx_word' id='word_1_114' title='bbox 1347 968 1480 1008; x_wconf 89' lang='lat' dir='ltr'>uerba</span> <span class='ocrx_word' id='word_1_115' title='bbox 1511 967 1658 1007; x_wconf 89' lang='lat' dir='ltr'>eadem</span> <span class='ocrx_word' id='word_1_116' title='bbox 1691 968 1743 1007; x_wconf 92' lang='lat' dir='ltr'>ab</span> 
     </span>
     <span class='ocr_line' id='line_1_16' title="bbox 176 1024 1741 1077; baseline -0.002 -11"><span class='ocrx_word' id='word_1_117' title='bbox 176 1027 442 1067; x_wconf 80' lang='lat' dir='ltr'>oscitantibus</span> <span class='ocrx_word' id='word_1_118' title='bbox 488 1026 716 1065; x_wconf 86' lang='lat' dir='ltr'>artificibus</span> <span class='ocrx_word' id='word_1_119' title='bbox 752 1024 822 1064; x_wconf 92' lang='lat' dir='ltr'>uel</span> <span class='ocrx_word' id='word_1_120' title='bbox 860 1027 997 1077; x_wconf 89' lang='lat' dir='ltr'>potius</span> <span class='ocrx_word' id='word_1_121' title='bbox 1039 1025 1256 1077; x_wconf 83' lang='lat' dir='ltr'>opificibus</span> <span class='ocrx_word' id='word_1_122' title='bbox 1299 1036 1426 1076; x_wconf 89' lang='lat' dir='ltr'>saepe</span> <span class='ocrx_word' id='word_1_123' title='bbox 1466 1024 1519 1064; x_wconf 92' lang='lat' dir='ltr'>ad</span> <span class='ocrx_word' id='word_1_124' title='bbox 1555 1024 1741 1064; x_wconf 87' lang='lat' dir='ltr'>taedium</span> 
     </span>
     <span class='ocr_line' id='line_1_17' title="bbox 175 1081 1743 1136; baseline -0.002 -12"><span class='ocrx_word' id='word_1_125' title='bbox 175 1098 309 1136; x_wconf 90' lang='lat' dir='ltr'>usque</span> <span class='ocrx_word' id='word_1_126' title='bbox 341 1084 527 1135; x_wconf 88' lang='lat' dir='ltr'>repetita,</span> <span class='ocrx_word' id='word_1_127' title='bbox 562 1084 637 1121; x_wconf 87' lang='lat' dir='ltr'>tria</span> <span class='ocrx_word' id='word_1_128' title='bbox 666 1083 928 1133; x_wconf 91' lang='lat' dir='ltr'>potissimum</span> <span class='ocrx_word' id='word_1_129' title='bbox 960 1088 1058 1121; x_wconf 88' lang='lat' dir='ltr'>sunt</span> <span class='ocrx_word' id='word_1_130' title='bbox 1087 1094 1240 1134; x_wconf 89' lang='lat' dir='ltr'>genera</span> <span class='ocrx_word' id='word_1_131' title='bbox 1272 1081 1519 1121; x_wconf 90' lang='lat' dir='ltr'>mendorum</span> <span class='ocrx_word' id='word_1_132' title='bbox 1551 1083 1592 1120; x_wconf 89' lang='lat' dir='ltr'>in</span> <span class='ocrx_word' id='word_1_133' title='bbox 1617 1082 1657 1132; x_wconf 88' lang='lat' dir='ltr'>C,</span> <span class='ocrx_word' id='word_1_134' title='bbox 1690 1082 1743 1121; x_wconf 89' lang='lat' dir='ltr'>de</span> 
     </span>
     <span class='ocr_line' id='line_1_18' title="bbox 175 1138 1744 1193; baseline -0.001 -13"><span class='ocrx_word' id='word_1_135' title='bbox 175 1141 328 1193; x_wconf 89' lang='lat' dir='ltr'>quibus</span> <span class='ocrx_word' id='word_1_136' title='bbox 359 1141 423 1179; x_wconf 93' lang='lat' dir='ltr'>hic</span> <span class='ocrx_word' id='word_1_137' title='bbox 454 1140 641 1178; x_wconf 88' lang='lat' dir='ltr'>breuiter</span> <span class='ocrx_word' id='word_1_138' title='bbox 672 1138 896 1178; x_wconf 88' lang='lat' dir='ltr'>dicendum</span> <span class='ocrx_word' id='word_1_139' title='bbox 929 1144 1010 1178; x_wconf 90' lang='lat' dir='ltr'>est:</span> <span class='ocrx_word' id='word_1_140' title='bbox 1044 1144 1116 1177; x_wconf 91' lang='lat' dir='ltr'>aut</span> <span class='ocrx_word' id='word_1_141' title='bbox 1146 1139 1254 1177; x_wconf 89' lang='lat' dir='ltr'>enim</span> <span class='ocrx_word' id='word_1_142' title='bbox 1286 1138 1530 1190; x_wconf 87' lang='lat' dir='ltr'>compendia</span> <span class='ocrx_word' id='word_1_143' title='bbox 1563 1139 1744 1190; x_wconf 91' lang='lat' dir='ltr'>scriptu-</span> 
     </span>
     <span class='ocr_line' id='line_1_19' title="bbox 173 1196 1744 1249; baseline -0.001 -12"><span class='ocrx_word' id='word_1_144' title='bbox 173 1211 256 1247; x_wconf 81' lang='lat' dir='ltr'>rae,</span> <span class='ocrx_word' id='word_1_145' title='bbox 299 1209 404 1249; x_wconf 89' lang='lat' dir='ltr'>quae</span> <span class='ocrx_word' id='word_1_146' title='bbox 436 1198 475 1235; x_wconf 91' lang='lat' dir='ltr'>in</span> <span class='ocrx_word' id='word_1_147' title='bbox 508 1196 648 1235; x_wconf 88' lang='lat' dir='ltr'>codice</span> <span class='ocrx_word' id='word_1_148' title='bbox 679 1196 750 1234; x_wconf 92' lang='lat' dir='ltr'>illo</span> <span class='ocrx_word' id='word_1_149' title='bbox 782 1196 1005 1247; x_wconf 67' lang='lat' dir='ltr'>archetypo</span> <span class='ocrx_word' id='word_1_150' title='bbox 1038 1196 1246 1245; x_wconf 85' lang='lat' dir='ltr'>extabant,</span> <span class='ocrx_word' id='word_1_151' title='bbox 1288 1208 1340 1234; x_wconf 93' lang='lat' dir='ltr'>ex</span> <span class='ocrx_word' id='word_1_152' title='bbox 1380 1208 1462 1247; x_wconf 93' lang='lat' dir='ltr'>quo</span> <span class='ocrx_word' id='word_1_153' title='bbox 1493 1196 1744 1235; x_wconf 82' lang='lat' dir='ltr'>Veronensis</span> 
     </span>
     <span class='ocr_line' id='line_1_20' title="bbox 175 1252 1744 1305; baseline -0.001 -12"><span class='ocrx_word' id='word_1_154' title='bbox 175 1255 408 1305; x_wconf 86' lang='lat' dir='ltr'>descriptus</span> <span class='ocrx_word' id='word_1_155' title='bbox 446 1259 528 1302; x_wconf 88' lang='lat' dir='ltr'>est,</span> <span class='ocrx_word' id='word_1_156' title='bbox 575 1252 696 1292; x_wconf 85' lang='lat' dir='ltr'>foede</span> <span class='ocrx_word' id='word_1_157' title='bbox 736 1253 876 1291; x_wconf 89' lang='lat' dir='ltr'>uitiata</span> <span class='ocrx_word' id='word_1_158' title='bbox 915 1257 1029 1303; x_wconf 75' lang='lat' dir='ltr'>sunt,</span> <span class='ocrx_word' id='word_1_159' title='bbox 1078 1258 1150 1291; x_wconf 87' lang='lat' dir='ltr'>aut</span> <span class='ocrx_word' id='word_1_160' title='bbox 1187 1252 1342 1291; x_wconf 89' lang='lat' dir='ltr'>scholia</span> <span class='ocrx_word' id='word_1_161' title='bbox 1373 1254 1463 1291; x_wconf 90' lang='lat' dir='ltr'>siue</span> <span class='ocrx_word' id='word_1_162' title='bbox 1495 1252 1744 1304; x_wconf 85' lang='lat' dir='ltr'>glossemata</span> 
     </span>
     <span class='ocr_line' id='line_1_21' title="bbox 175 1309 1743 1364; baseline -0.002 -14"><span class='ocrx_word' id='word_1_163' title='bbox 175 1324 280 1364; x_wconf 88' lang='lat' dir='ltr'>quac</span> <span class='ocrx_word' id='word_1_164' title='bbox 313 1311 408 1349; x_wconf 92' lang='lat' dir='ltr'>olim</span> <span class='ocrx_word' id='word_1_165' title='bbox 440 1311 480 1349; x_wconf 92' lang='lat' dir='ltr'>in</span> <span class='ocrx_word' id='word_1_166' title='bbox 512 1311 696 1361; x_wconf 87' lang='lat' dir='ltr'>margine</span> <span class='ocrx_word' id='word_1_167' title='bbox 729 1309 798 1348; x_wconf 92' lang='lat' dir='ltr'>uel</span> <span class='ocrx_word' id='word_1_168' title='bbox 830 1311 936 1348; x_wconf 90' lang='lat' dir='ltr'>intra</span> <span class='ocrx_word' id='word_1_169' title='bbox 967 1321 1118 1348; x_wconf 88' lang='lat' dir='ltr'>uersus</span> <span class='ocrx_word' id='word_1_170' title='bbox 1152 1309 1359 1360; x_wconf 88' lang='lat' dir='ltr'>adscripta</span> <span class='ocrx_word' id='word_1_171' title='bbox 1392 1315 1529 1359; x_wconf 85' lang='lat' dir='ltr'>erant,</span> <span class='ocrx_word' id='word_1_172' title='bbox 1569 1310 1611 1348; x_wconf 90' lang='lat' dir='ltr'>in</span> <span class='ocrx_word' id='word_1_173' title='bbox 1647 1321 1743 1348; x_wconf 90' lang='lat' dir='ltr'>uer-</span> 
     </span>
     <span class='ocr_line' id='line_1_22' title="bbox 174 1365 1746 1418; baseline -0.001 -12"><span class='ocrx_word' id='word_1_174' title='bbox 174 1368 322 1407; x_wconf 89' lang='lat' dir='ltr'>borum</span> <span class='ocrx_word' id='word_1_175' title='bbox 354 1373 588 1406; x_wconf 86' lang='lat' dir='ltr'>contextum</span> <span class='ocrx_word' id='word_1_176' title='bbox 621 1368 892 1418; x_wconf 89' lang='lat' dir='ltr'>irrepserunt,</span> <span class='ocrx_word' id='word_1_177' title='bbox 933 1371 1004 1404; x_wconf 91' lang='lat' dir='ltr'>aut</span> <span class='ocrx_word' id='word_1_178' title='bbox 1033 1366 1156 1417; x_wconf 89' lang='lat' dir='ltr'>plura</span> <span class='ocrx_word' id='word_1_179' title='bbox 1187 1365 1320 1405; x_wconf 88' lang='lat' dir='ltr'>uerba</span> <span class='ocrx_word' id='word_1_180' title='bbox 1350 1370 1522 1417; x_wconf 92' lang='lat' dir='ltr'>propter</span> <span class='ocrx_word' id='word_1_181' title='bbox 1551 1366 1746 1406; x_wconf 89' lang='lat' dir='ltr'>homoeo-</span> 
     </span>
     <span class='ocr_line' id='line_1_23' title="bbox 172 1420 1746 1475; baseline -0.001 -12"><span class='ocrx_word' id='word_1_182' title='bbox 172 1425 355 1464; x_wconf 89' lang='lat' dir='ltr'>teleuton</span> <span class='ocrx_word' id='word_1_183' title='bbox 401 1420 712 1463; x_wconf 75' lang='lat' dir='ltr'>interciderunt.</span> <span class='ocrx_word' id='word_1_184' title='bbox 782 1424 891 1462; x_wconf 88' lang='lat' dir='ltr'>Haec</span> <span class='ocrx_word' id='word_1_185' title='bbox 925 1424 1186 1475; x_wconf 87' lang='lat' dir='ltr'>potissimum</span> <span class='ocrx_word' id='word_1_186' title='bbox 1225 1435 1398 1462; x_wconf 89' lang='lat' dir='ltr'>necesse</span> <span class='ocrx_word' id='word_1_187' title='bbox 1440 1427 1503 1462; x_wconf 87' lang='lat' dir='ltr'>est</span> <span class='ocrx_word' id='word_1_188' title='bbox 1537 1435 1660 1462; x_wconf 90' lang='lat' dir='ltr'>nosse</span> <span class='ocrx_word' id='word_1_189' title='bbox 1705 1429 1746 1462; x_wconf 90' lang='lat' dir='ltr'>et</span> 
     </span>
     <span class='ocr_line' id='line_1_24' title="bbox 172 1479 1744 1532; baseline -0.001 -12"><span class='ocrx_word' id='word_1_190' title='bbox 172 1483 304 1520; x_wconf 90' lang='lat' dir='ltr'>animo</span> <span class='ocrx_word' id='word_1_191' title='bbox 350 1493 516 1532; x_wconf 91' lang='lat' dir='ltr'>semper</span> <span class='ocrx_word' id='word_1_192' title='bbox 561 1481 732 1532; x_wconf 87' lang='lat' dir='ltr'>agitare,</span> <span class='ocrx_word' id='word_1_193' title='bbox 780 1480 853 1519; x_wconf 90' lang='lat' dir='ltr'>ubi</span> <span class='ocrx_word' id='word_1_194' title='bbox 889 1481 929 1519; x_wconf 89' lang='lat' dir='ltr'>in</span> <span class='ocrx_word' id='word_1_195' title='bbox 971 1479 1233 1519; x_wconf 91' lang='lat' dir='ltr'>emendando</span> <span class='ocrx_word' id='word_1_196' title='bbox 1275 1479 1364 1519; x_wconf 92' lang='lat' dir='ltr'>loco</span> <span class='ocrx_word' id='word_1_197' title='bbox 1402 1479 1541 1531; x_wconf 89' lang='lat' dir='ltr'>aliquo</span> <span class='ocrx_word' id='word_1_198' title='bbox 1585 1479 1744 1519; x_wconf 83' lang='lat' dir='ltr'>difficili</span> 
     </span>
     <span class='ocr_line' id='line_1_25' title="bbox 175 1537 780 1590; baseline -0.003 -13"><span class='ocrx_word' id='word_1_199' title='bbox 175 1543 299 1590; x_wconf 88' lang='lat' dir='ltr'>atque</span> <span class='ocrx_word' id='word_1_200' title='bbox 332 1537 551 1589; x_wconf 88' lang='lat' dir='ltr'>scopuloso</span> <span class='ocrx_word' id='word_1_201' title='bbox 584 1538 780 1577; x_wconf 90' lang='lat' dir='ltr'>uerseris.</span> 
     </span>
    </p>

    <p class='ocr_par' dir='ltr' id='par_1_4' title="bbox 174 1593 1746 2157">
     <span class='ocr_line' id='line_1_26' title="bbox 285 1593 1745 1645; baseline -0.001 -12"><span class='ocrx_word' id='word_1_202' title='bbox 285 1594 344 1634; x_wconf 87' lang='lat' dir='ltr'>Ac</span> <span class='ocrx_word' id='word_1_203' title='bbox 374 1600 485 1633; x_wconf 88' lang='lat' dir='ltr'>certa</span> <span class='ocrx_word' id='word_1_204' title='bbox 517 1595 604 1633; x_wconf 91' lang='lat' dir='ltr'>fere</span> <span class='ocrx_word' id='word_1_205' title='bbox 637 1593 925 1633; x_wconf 87' lang='lat' dir='ltr'>emendatione</span> <span class='ocrx_word' id='word_1_206' title='bbox 956 1593 1078 1645; x_wconf 91' lang='lat' dir='ltr'>longe</span> <span class='ocrx_word' id='word_1_207' title='bbox 1109 1593 1315 1645; x_wconf 90' lang='lat' dir='ltr'>plurimae</span> <span class='ocrx_word' id='word_1_208' title='bbox 1354 1604 1498 1631; x_wconf 91' lang='lat' dir='ltr'>earum</span> <span class='ocrx_word' id='word_1_209' title='bbox 1529 1599 1745 1645; x_wconf 90' lang='lat' dir='ltr'>corrupte-</span> 
     </span>
     <span class='ocr_line' id='line_1_27' title="bbox 175 1649 1743 1702; baseline -0.001 -12"><span class='ocrx_word' id='word_1_210' title='bbox 175 1651 308 1690; x_wconf 89' lang='lat' dir='ltr'>larum</span> <span class='ocrx_word' id='word_1_211' title='bbox 353 1651 447 1690; x_wconf 89' lang='lat' dir='ltr'>libri</span> <span class='ocrx_word' id='word_1_212' title='bbox 489 1651 518 1689; x_wconf 83' lang='lat' dir='ltr'><strong><em>C</em></strong></span> <span class='ocrx_word' id='word_1_213' title='bbox 552 1652 688 1690; x_wconf 91' lang='lat' dir='ltr'>sanari</span> <span class='ocrx_word' id='word_1_214' title='bbox 726 1655 921 1702; x_wconf 89' lang='lat' dir='ltr'>possunt,</span> <span class='ocrx_word' id='word_1_215' title='bbox 969 1662 1077 1702; x_wconf 92' lang='lat' dir='ltr'>quae</span> <span class='ocrx_word' id='word_1_216' title='bbox 1124 1662 1176 1689; x_wconf 90' lang='lat' dir='ltr'>ex</span> <span class='ocrx_word' id='word_1_217' title='bbox 1221 1651 1450 1701; x_wconf 88' lang='lat' dir='ltr'>scripturae</span> <span class='ocrx_word' id='word_1_218' title='bbox 1487 1649 1743 1701; x_wconf 91' lang='lat' dir='ltr'>compendiis</span> 
     </span>
     <span class='ocr_line' id='line_1_28' title="bbox 176 1707 1743 1759; baseline -0.001 -12"><span class='ocrx_word' id='word_1_219' title='bbox 176 1709 416 1759; x_wconf 85' lang='lat' dir='ltr'>saepissime</span> <span class='ocrx_word' id='word_1_220' title='bbox 448 1707 642 1746; x_wconf 87' lang='lat' dir='ltr'>adhibitis</span> <span class='ocrx_word' id='word_1_221' title='bbox 673 1713 787 1746; x_wconf 91' lang='lat' dir='ltr'>ortae</span> <span class='ocrx_word' id='word_1_222' title='bbox 819 1712 932 1755; x_wconf 83' lang='lat' dir='ltr'>sunt3</span> <span class='ocrx_word' id='word_1_223' title='bbox 980 1712 1133 1746; x_wconf 86' lang='lat' dir='ltr'>certam</span> <span class='ocrx_word' id='word_1_224' title='bbox 1174 1707 1283 1745; x_wconf 89' lang='lat' dir='ltr'>enim</span> <span class='ocrx_word' id='word_1_225' title='bbox 1314 1707 1514 1745; x_wconf 89' lang='lat' dir='ltr'>rationem</span> <span class='ocrx_word' id='word_1_226' title='bbox 1546 1712 1743 1759; x_wconf 86' lang='lat' dir='ltr'>certaque</span> 
     </span>
     <span class='ocr_line' id='line_1_29' title="bbox 175 1763 1745 1816; baseline 0 -13"><span class='ocrx_word' id='word_1_227' title='bbox 175 1770 394 1816; x_wconf 89' lang='lat' dir='ltr'>praecepta</span> <span class='ocrx_word' id='word_1_228' title='bbox 426 1764 659 1804; x_wconf 90' lang='lat' dir='ltr'>librariolos</span> <span class='ocrx_word' id='word_1_229' title='bbox 691 1765 730 1803; x_wconf 92' lang='lat' dir='ltr'>in</span> <span class='ocrx_word' id='word_1_230' title='bbox 762 1763 1012 1803; x_wconf 87' lang='lat' dir='ltr'>adhibendis</span> <span class='ocrx_word' id='word_1_231' title='bbox 1043 1765 1149 1802; x_wconf 91' lang='lat' dir='ltr'>notis</span> <span class='ocrx_word' id='word_1_232' title='bbox 1181 1763 1275 1801; x_wconf 92' lang='lat' dir='ltr'>olim</span> <span class='ocrx_word' id='word_1_233' title='bbox 1314 1768 1478 1802; x_wconf 85' lang='lat' dir='ltr'>secutos</span> <span class='ocrx_word' id='word_1_234' title='bbox 1517 1775 1610 1803; x_wconf 91' lang='lat' dir='ltr'>esse</span> <span class='ocrx_word' id='word_1_235' title='bbox 1648 1776 1745 1803; x_wconf 92' lang='lat' dir='ltr'>con-</span> 
     </span>
     <span class='ocr_line' id='line_1_30' title="bbox 175 1819 1742 1874; baseline 0.001 -15"><span class='ocrx_word' id='word_1_236' title='bbox 175 1827 264 1860; x_wconf 87' lang='lat' dir='ltr'>stat.</span> <span class='ocrx_word' id='word_1_237' title='bbox 325 1822 459 1874; x_wconf 86' lang='lat' dir='ltr'>Atque</span> <span class='ocrx_word' id='word_1_238' title='bbox 499 1834 593 1861; x_wconf 89' lang='lat' dir='ltr'>cum</span> <span class='ocrx_word' id='word_1_239' title='bbox 634 1823 667 1860; x_wconf 91' lang='lat' dir='ltr'>is</span> <span class='ocrx_word' id='word_1_240' title='bbox 706 1820 856 1872; x_wconf 81' lang='lat' dir='ltr'>codex,</span> <span class='ocrx_word' id='word_1_241' title='bbox 905 1833 957 1859; x_wconf 90' lang='lat' dir='ltr'>ex</span> <span class='ocrx_word' id='word_1_242' title='bbox 993 1833 1075 1872; x_wconf 92' lang='lat' dir='ltr'>quo</span> <span class='ocrx_word' id='word_1_243' title='bbox 1112 1821 1362 1859; x_wconf 87' lang='lat' dir='ltr'>Veronensis</span> <span class='ocrx_word' id='word_1_244' title='bbox 1400 1819 1635 1872; x_wconf 89' lang='lat' dir='ltr'>descriptus</span> <span class='ocrx_word' id='word_1_245' title='bbox 1668 1826 1742 1872; x_wconf 87' lang='lat' dir='ltr'>est,</span> 
     </span>
     <span class='ocr_line' id='line_1_31' title="bbox 175 1877 1742 1930; baseline 0.001 -14"><span class='ocrx_word' id='word_1_246' title='bbox 175 1878 283 1917; x_wconf 89' lang='lat' dir='ltr'>illius</span> <span class='ocrx_word' id='word_1_247' title='bbox 316 1879 426 1917; x_wconf 91' lang='lat' dir='ltr'>modi</span> <span class='ocrx_word' id='word_1_248' title='bbox 463 1878 718 1930; x_wconf 87' lang='lat' dir='ltr'>compendiis</span> <span class='ocrx_word' id='word_1_249' title='bbox 749 1879 839 1917; x_wconf 90' lang='lat' dir='ltr'>siue</span> <span class='ocrx_word' id='word_1_250' title='bbox 870 1878 978 1916; x_wconf 86' lang='lat' dir='ltr'>notis</span> <span class='ocrx_word' id='word_1_251' title='bbox 1009 1877 1296 1927; x_wconf 68' lang='lat' dir='ltr'>abundaretss),</span> <span class='ocrx_word' id='word_1_252' title='bbox 1340 1877 1493 1916; x_wconf 86' lang='lat' dir='ltr'>factum</span> <span class='ocrx_word' id='word_1_253' title='bbox 1533 1883 1598 1916; x_wconf 88' lang='lat' dir='ltr'>est</span> <span class='ocrx_word' id='word_1_254' title='bbox 1632 1882 1679 1917; x_wconf 91' lang='lat' dir='ltr'>ut</span> <span class='ocrx_word' id='word_1_255' title='bbox 1708 1879 1742 1917; x_wconf 92' lang='lat' dir='ltr'>is</span> 
     </span>
     <span class='ocr_line' id='line_1_32' title="bbox 176 1933 1746 1986; baseline 0.001 -13"><span class='ocrx_word' id='word_1_256' title='bbox 176 1936 245 1986; x_wconf 90' lang='lat' dir='ltr'>qui</span> <span class='ocrx_word' id='word_1_257' title='bbox 276 1937 556 1974; x_wconf 89' lang='lat' dir='ltr'>Veronensem</span> <span class='ocrx_word' id='word_1_258' title='bbox 589 1936 794 1984; x_wconf 87' lang='lat' dir='ltr'>exarauit,</span> <span class='ocrx_word' id='word_1_259' title='bbox 835 1947 928 1974; x_wconf 92' lang='lat' dir='ltr'>cum</span> <span class='ocrx_word' id='word_1_260' title='bbox 960 1935 1001 1972; x_wconf 91' lang='lat' dir='ltr'>in</span> <span class='ocrx_word' id='word_1_261' title='bbox 1033 1947 1081 1973; x_wconf 92' lang='lat' dir='ltr'>eo</span> <span class='ocrx_word' id='word_1_262' title='bbox 1113 1933 1227 1986; x_wconf 91' lang='lat' dir='ltr'>quod</span> <span class='ocrx_word' id='word_1_263' title='bbox 1257 1933 1533 1985; x_wconf 85' lang='lat' dir='ltr'>profitebatur</span> <span class='ocrx_word' id='word_1_264' title='bbox 1562 1946 1645 1973; x_wconf 88' lang='lat' dir='ltr'>non</span> <span class='ocrx_word' id='word_1_265' title='bbox 1676 1946 1746 1974; x_wconf 90' lang='lat' dir='ltr'>ae-</span> 
     </span>
     <span class='ocr_line' id='line_1_33' title="bbox 175 1990 1745 2043; baseline 0 -13"><span class='ocrx_word' id='word_1_266' title='bbox 175 2004 255 2043; x_wconf 90' lang='lat' dir='ltr'>que</span> <span class='ocrx_word' id='word_1_267' title='bbox 287 1997 410 2043; x_wconf 90' lang='lat' dir='ltr'>atque</span> <span class='ocrx_word' id='word_1_268' title='bbox 447 1993 700 2043; x_wconf 88' lang='lat' dir='ltr'>antiquiores</span> <span class='ocrx_word' id='word_1_269' title='bbox 731 1992 877 2030; x_wconf 91' lang='lat' dir='ltr'>notarii</span> <span class='ocrx_word' id='word_1_270' title='bbox 909 1990 1155 2039; x_wconf 82' lang='lat' dir='ltr'>excelleret,</span> <span class='ocrx_word' id='word_1_271' title='bbox 1198 1990 1298 2029; x_wconf 88' lang='lat' dir='ltr'>alias</span> <span class='ocrx_word' id='word_1_272' title='bbox 1336 1996 1452 2030; x_wconf 90' lang='lat' dir='ltr'>notas</span> <span class='ocrx_word' id='word_1_273' title='bbox 1483 1991 1592 2030; x_wconf 88' lang='lat' dir='ltr'>male</span> <span class='ocrx_word' id='word_1_274' title='bbox 1623 1991 1745 2030; x_wconf 87' lang='lat' dir='ltr'>intel-</span> 
     </span>
     <span class='ocr_line' id='line_1_34' title="bbox 174 2047 1742 2099; baseline 0.001 -14"><span class='ocrx_word' id='word_1_275' title='bbox 174 2047 299 2087; x_wconf 87' lang='lat' dir='ltr'>lectas</span> <span class='ocrx_word' id='word_1_276' title='bbox 337 2048 436 2087; x_wconf 87' lang='lat' dir='ltr'>salso</span> <span class='ocrx_word' id='word_1_277' title='bbox 475 2048 722 2099; x_wconf 88' lang='lat' dir='ltr'>explicaret,</span> <span class='ocrx_word' id='word_1_278' title='bbox 770 2048 870 2087; x_wconf 91' lang='lat' dir='ltr'>alias</span> <span class='ocrx_word' id='word_1_279' title='bbox 916 2060 1010 2086; x_wconf 89' lang='lat' dir='ltr'>cum</span> <span class='ocrx_word' id='word_1_280' title='bbox 1057 2047 1261 2086; x_wconf 89' lang='lat' dir='ltr'>similibus</span> <span class='ocrx_word' id='word_1_281' title='bbox 1306 2049 1412 2087; x_wconf 91' lang='lat' dir='ltr'>notis</span> <span class='ocrx_word' id='word_1_282' title='bbox 1459 2053 1742 2087; x_wconf 88' lang='lat' dir='ltr'>commutaret.</span> 
     </span>
     <span class='ocr_line' id='line_1_35' title="bbox 174 2104 1742 2157; baseline 0.001 -14"><span class='ocrx_word' id='word_1_283' title='bbox 174 2105 303 2143; x_wconf 88' lang='lat' dir='ltr'>Huius</span> <span class='ocrx_word' id='word_1_284' title='bbox 337 2107 498 2157; x_wconf 89' lang='lat' dir='ltr'>generis</span> <span class='ocrx_word' id='word_1_285' title='bbox 531 2104 860 2156; x_wconf 88' lang='lat' dir='ltr'>corruptelarum</span> <span class='ocrx_word' id='word_1_286' title='bbox 891 2104 1168 2156; x_wconf 89' lang='lat' dir='ltr'>plurimarum</span> <span class='ocrx_word' id='word_1_287' title='bbox 1200 2105 1376 2156; x_wconf 86' lang='lat' dir='ltr'>origines</span> <span class='ocrx_word' id='word_1_288' title='bbox 1401 2109 1448 2144; x_wconf 88' lang='lat' dir='ltr'>ut</span> <span class='ocrx_word' id='word_1_289' title='bbox 1468 2110 1742 2144; x_wconf 89' lang='lat' dir='ltr'>monstrarem</span> 
     </span>
    </p>
   </div>
   <div class='ocr_carea' id='block_1_4' title="bbox 1538 2195 1742 2201">
    <p class='ocr_par' dir='ltr' id='par_1_5' title="bbox 1538 2195 1742 2201">
     <span class='ocr_line' id='line_1_36' title="bbox 1538 2195 1742 2201; baseline 0 0"><span class='ocrx_word' id='word_1_290' title='bbox 1538 2195 1742 2201; x_wconf 95' lang='lat' dir='ltr'> </span> 
     </span>
    </p>
   </div>
   <div class='ocr_carea' id='block_1_5' title="bbox 171 2228 1744 2711">
    <p class='ocr_par' dir='ltr' id='par_1_6' title="bbox 263 2228 966 2269">
     <span class='ocr_line' id='line_1_37' title="bbox 263 2228 966 2269; baseline 0 -10"><span class='ocrx_word' id='word_1_291' title='bbox 263 2229 291 2267; x_wconf 72' lang='lat'>5)</span> <span class='ocrx_word' id='word_1_292' title='bbox 319 2228 415 2260; x_wconf 81' lang='lat' dir='ltr'>Cont&#39;.</span> <span class='ocrx_word' id='word_1_293' title='bbox 446 2228 487 2260; x_wconf 73' lang='lat' dir='ltr'>Ca</span> <span class='ocrx_word' id='word_1_294' title='bbox 512 2237 670 2269; x_wconf 90' lang='lat' dir='ltr'>prooem.</span> <span class='ocrx_word' id='word_1_295' title='bbox 698 2237 775 2269; x_wconf 86' lang='lat' dir='ltr'>pag.</span> <span class='ocrx_word' id='word_1_296' title='bbox 793 2237 867 2260; x_wconf 80' lang='lat' dir='ltr'>xxix</span> <span class='ocrx_word' id='word_1_297' title='bbox 893 2237 966 2269; x_wconf 89' lang='lat' dir='ltr'>seq.</span> 
     </span>
    </p>

    <p class='ocr_par' dir='ltr' id='par_1_7' title="bbox 171 2273 1744 2711">
     <span class='ocr_line' id='line_1_38' title="bbox 263 2273 1743 2316; baseline 0.001 -12"><span class='ocrx_word' id='word_1_298' title='bbox 263 2276 291 2311; x_wconf 58' lang='grc'>6»</span> <span class='ocrx_word' id='word_1_299' title='bbox 317 2274 529 2305; x_wconf 82' lang='lat' dir='ltr'>Abundasse</span> <span class='ocrx_word' id='word_1_300' title='bbox 563 2274 727 2305; x_wconf 90' lang='lat' dir='ltr'>codicem</span> <span class='ocrx_word' id='word_1_301' title='bbox 759 2274 1013 2315; x_wconf 75' lang='lat' dir='ltr'>archetypum,</span> <span class='ocrx_word' id='word_1_302' title='bbox 1048 2282 1090 2304; x_wconf 85' lang='lat' dir='ltr'>ex</span> <span class='ocrx_word' id='word_1_303' title='bbox 1115 2282 1186 2314; x_wconf 92' lang='lat' dir='ltr'>quo</span> <span class='ocrx_word' id='word_1_304' title='bbox 1212 2273 1427 2306; x_wconf 83' lang='lat' dir='ltr'>Veronensis</span> <span class='ocrx_word' id='word_1_305' title='bbox 1451 2273 1654 2316; x_wconf 84' lang='lat' dir='ltr'>descriptus</span> <span class='ocrx_word' id='word_1_306' title='bbox 1678 2275 1743 2315; x_wconf 85' lang='lat' dir='ltr'>est,</span> 
     </span>
     <span class='ocr_line' id='line_1_39' title="bbox 172 2318 1744 2361; baseline 0.002 -13"><span class='ocrx_word' id='word_1_307' title='bbox 172 2319 369 2359; x_wconf 78' lang='lat' dir='ltr'>scripturae</span> <span class='ocrx_word' id='word_1_308' title='bbox 403 2319 626 2361; x_wconf 83' lang='lat' dir='ltr'>compendiis</span> <span class='ocrx_word' id='word_1_309' title='bbox 659 2328 741 2350; x_wconf 92' lang='lat' dir='ltr'>cum</span> <span class='ocrx_word' id='word_1_310' title='bbox 776 2328 840 2359; x_wconf 88' lang='lat' dir='ltr'>per</span> <span class='ocrx_word' id='word_1_311' title='bbox 872 2327 909 2351; x_wconf 91' lang='lat' dir='ltr'>se</span> <span class='ocrx_word' id='word_1_312' title='bbox 946 2319 1063 2360; x_wconf 89' lang='lat' dir='ltr'>palam</span> <span class='ocrx_word' id='word_1_313' title='bbox 1097 2321 1151 2351; x_wconf 85' lang='lat' dir='ltr'>est</span> <span class='ocrx_word' id='word_1_314' title='bbox 1184 2321 1258 2350; x_wconf 91' lang='lat' dir='ltr'>tum</span> <span class='ocrx_word' id='word_1_315' title='bbox 1292 2320 1368 2360; x_wconf 86' lang='lat' dir='ltr'>ipse</span> <span class='ocrx_word' id='word_1_316' title='bbox 1400 2318 1473 2350; x_wconf 83' lang='lat' dir='ltr'>dixi</span> <span class='ocrx_word' id='word_1_317' title='bbox 1507 2320 1543 2351; x_wconf 88' lang='lat' dir='ltr'>in</span> <span class='ocrx_word' id='word_1_318' title='bbox 1567 2320 1744 2360; x_wconf 84' lang='lat' dir='ltr'>prooemii</span> 
     </span>
     <span class='ocr_line' id='line_1_40' title="bbox 173 2363 1742 2406; baseline 0.002 -13"><span class='ocrx_word' id='word_1_319' title='bbox 173 2364 375 2404; x_wconf 78' lang='lat' dir='ltr'>apographo</span> <span class='ocrx_word' id='word_1_320' title='bbox 410 2374 488 2396; x_wconf 87' lang='lat' dir='ltr'>meo</span> <span class='ocrx_word' id='word_1_321' title='bbox 522 2365 710 2405; x_wconf 87' lang='lat' dir='ltr'>praemissi</span> <span class='ocrx_word' id='word_1_322' title='bbox 744 2373 821 2406; x_wconf 85' lang='lat' dir='ltr'>pag.</span> <span class='ocrx_word' id='word_1_323' title='bbox 843 2374 883 2395; x_wconf 81' lang='lat' dir='ltr'>xx</span> <span class='ocrx_word' id='word_1_324' title='bbox 910 2364 965 2395; x_wconf 88' lang='lat' dir='ltr'>bis</span> <span class='ocrx_word' id='word_1_325' title='bbox 991 2363 1132 2396; x_wconf 87' lang='lat' dir='ltr'>uerbis:</span> <span class='ocrx_word' id='word_1_326' title='bbox 1169 2366 1333 2396; x_wconf 77' lang='lat' dir='ltr'>»constat</span> <span class='ocrx_word' id='word_1_327' title='bbox 1355 2388 1362 2396; x_wconf 94' lang='lat'>.</span> <span class='ocrx_word' id='word_1_328' title='bbox 1381 2388 1388 2396; x_wconf 90' lang='lat'><strong>.</strong></span> <span class='ocrx_word' id='word_1_329' title='bbox 1407 2388 1414 2396; x_wconf 93' lang='lat'><strong>.</strong></span> <span class='ocrx_word' id='word_1_330' title='bbox 1440 2364 1677 2406; x_wconf 86' lang='lat' dir='ltr'>archetypum</span> <span class='ocrx_word' id='word_1_331' title='bbox 1702 2373 1742 2396; x_wconf 84' lang='lat' dir='ltr'>ea</span> 
     </span>
     <span class='ocr_line' id='line_1_41' title="bbox 173 2409 1742 2451; baseline 0.002 -12"><span class='ocrx_word' id='word_1_332' title='bbox 173 2411 286 2440; x_wconf 86' lang='lat' dir='ltr'>aetate</span> <span class='ocrx_word' id='word_1_333' title='bbox 312 2412 494 2442; x_wconf 78' lang='lat' dir='ltr'>exaratum</span> <span class='ocrx_word' id='word_1_334' title='bbox 522 2410 645 2451; x_wconf 85' lang='lat' dir='ltr'>fuisse,</span> <span class='ocrx_word' id='word_1_335' title='bbox 671 2418 739 2450; x_wconf 88' lang='lat' dir='ltr'>qua</span> <span class='ocrx_word' id='word_1_336' title='bbox 765 2411 853 2441; x_wconf 85' lang='lat' dir='ltr'>artis</span> <span class='ocrx_word' id='word_1_337' title='bbox 879 2409 1027 2441; x_wconf 88' lang='lat' dir='ltr'>notandi</span> <span class='ocrx_word' id='word_1_338' title='bbox 1054 2409 1170 2441; x_wconf 83' lang='lat' dir='ltr'>studia</span> <span class='ocrx_word' id='word_1_339' title='bbox 1199 2410 1394 2441; x_wconf 84' lang='lat' dir='ltr'>laetissime</span> <span class='ocrx_word' id='word_1_340' title='bbox 1418 2411 1611 2450; x_wconf 81' lang='lat' dir='ltr'>uigerent.‹</span> <span class='ocrx_word' id='word_1_341' title='bbox 1663 2409 1742 2442; x_wconf 84' lang='lat' dir='ltr'>Dixi</span> 
     </span>
     <span class='ocr_line' id='line_1_42' title="bbox 173 2454 1742 2497; baseline 0.003 -14"><span class='ocrx_word' id='word_1_342' title='bbox 173 2456 289 2484; x_wconf 84' lang='lat' dir='ltr'>aulem</span> <span class='ocrx_word' id='word_1_343' title='bbox 318 2454 472 2495; x_wconf 81' lang='lat' dir='ltr'>fuisse,</span> <span class='ocrx_word' id='word_1_344' title='bbox 500 2464 572 2487; x_wconf 90' lang='lat' dir='ltr'>non</span> <span class='ocrx_word' id='word_1_345' title='bbox 598 2463 694 2487; x_wconf 88' lang='lat' dir='ltr'>esse</span> <span class='ocrx_word' id='word_1_346' title='bbox 721 2454 816 2496; x_wconf 92' lang='lat' dir='ltr'>ideo,</span> <span class='ocrx_word' id='word_1_347' title='bbox 843 2456 926 2496; x_wconf 90' lang='lat' dir='ltr'>quia</span> <span class='ocrx_word' id='word_1_348' title='bbox 953 2455 1067 2487; x_wconf 77' lang='lat' dir='ltr'>codex</span> <span class='ocrx_word' id='word_1_349' title='bbox 1093 2455 1310 2496; x_wconf 87' lang='lat' dir='ltr'>archetypus</span> <span class='ocrx_word' id='word_1_350' title='bbox 1336 2455 1444 2487; x_wconf 88' lang='lat' dir='ltr'>bodie</span> <span class='ocrx_word' id='word_1_351' title='bbox 1471 2463 1542 2486; x_wconf 90' lang='lat' dir='ltr'>non</span> <span class='ocrx_word' id='word_1_352' title='bbox 1568 2458 1742 2497; x_wconf 87' lang='lat' dir='ltr'>superest.</span> 
     </span>
     <span class='ocr_line' id='line_1_43' title="bbox 173 2498 1744 2541; baseline 0.003 -13"><span class='ocrx_word' id='word_1_353' title='bbox 173 2498 284 2529; x_wconf 81' lang='lat' dir='ltr'>Vei-ba</span> <span class='ocrx_word' id='word_1_354' title='bbox 322 2508 397 2531; x_wconf 86' lang='lat' dir='ltr'>mea</span> <span class='ocrx_word' id='word_1_355' title='bbox 432 2500 534 2531; x_wconf 89' lang='lat' dir='ltr'>aliter</span> <span class='ocrx_word' id='word_1_356' title='bbox 566 2501 741 2532; x_wconf 85' lang='lat' dir='ltr'>intellexit</span> <span class='ocrx_word' id='word_1_357' title='bbox 765 2501 789 2532; x_wconf 91' lang='lat'>1.</span> <span class='ocrx_word' id='word_1_358' title='bbox 815 2500 850 2532; x_wconf 89' lang='lat' dir='ltr'>B.</span> <span class='ocrx_word' id='word_1_359' title='bbox 875 2500 1047 2532; x_wconf 87' lang='lat' dir='ltr'>Polenaar</span> <span class='ocrx_word' id='word_1_360' title='bbox 1079 2501 1114 2532; x_wconf 91' lang='lat' dir='ltr'>in</span> <span class='ocrx_word' id='word_1_361' title='bbox 1141 2501 1372 2541; x_wconf 88' lang='lat' dir='ltr'>Mnemosyne</span> <span class='ocrx_word' id='word_1_362' title='bbox 1397 2500 1490 2540; x_wconf 93' lang='lat' dir='ltr'>(nou.</span> <span class='ocrx_word' id='word_1_363' title='bbox 1517 2508 1585 2532; x_wconf 88' lang='lat' dir='ltr'>ser.</span> <span class='ocrx_word' id='word_1_364' title='bbox 1611 2500 1684 2532; x_wconf 89' lang='lat' dir='ltr'>uol.</span> <span class='ocrx_word' id='word_1_365' title='bbox 1711 2509 1744 2532; x_wconf 81' lang='lat' dir='ltr'>iv</span> 
     </span>
     <span class='ocr_line' id='line_1_44' title="bbox 174 2545 1743 2587; baseline 0.002 -14"><span class='ocrx_word' id='word_1_366' title='bbox 174 2553 247 2583; x_wconf 67' lang='lat' dir='ltr'>pag.</span> <span class='ocrx_word' id='word_1_367' title='bbox 269 2547 329 2574; x_wconf 78' lang='grc'>443</span> <span class='ocrx_word' id='word_1_368' title='bbox 358 2545 482 2586; x_wconf 73' lang='lat' dir='ltr'>seqq),</span> <span class='ocrx_word' id='word_1_369' title='bbox 515 2547 617 2587; x_wconf 85' lang='lat' dir='ltr'>quasi</span> <span class='ocrx_word' id='word_1_370' title='bbox 643 2546 813 2578; x_wconf 85' lang='lat' dir='ltr'>dixissem</span> <span class='ocrx_word' id='word_1_371' title='bbox 839 2546 1074 2586; x_wconf 83' lang='lat' dir='ltr'>archetypum</span> <span class='ocrx_word' id='word_1_372' title='bbox 1101 2554 1179 2577; x_wconf 89' lang='lat' dir='ltr'>eam</span> <span class='ocrx_word' id='word_1_373' title='bbox 1205 2548 1358 2578; x_wconf 85' lang='lat' dir='ltr'>aetatem</span> <span class='ocrx_word' id='word_1_374' title='bbox 1392 2546 1643 2587; x_wconf 86' lang='lat' dir='ltr'>antecessisse,</span> <span class='ocrx_word' id='word_1_375' title='bbox 1675 2555 1743 2587; x_wconf 89' lang='lat' dir='ltr'>qua</span> 
     </span>
     <span class='ocr_line' id='line_1_45' title="bbox 172 2589 1743 2632; baseline 0.003 -14"><span class='ocrx_word' id='word_1_376' title='bbox 172 2589 287 2620; x_wconf 78' lang='lat' dir='ltr'>studia</span> <span class='ocrx_word' id='word_1_377' title='bbox 308 2590 452 2621; x_wconf 88' lang='lat' dir='ltr'>notandi</span> <span class='ocrx_word' id='word_1_378' title='bbox 473 2591 666 2623; x_wconf 85' lang='lat' dir='ltr'>laetissime</span> <span class='ocrx_word' id='word_1_379' title='bbox 684 2592 856 2632; x_wconf 84' lang='lat' dir='ltr'>uigerent.</span> <span class='ocrx_word' id='word_1_380' title='bbox 891 2592 998 2622; x_wconf 82' lang='lat' dir='ltr'>Recte</span> <span class='ocrx_word' id='word_1_381' title='bbox 1018 2599 1074 2622; x_wconf 89' lang='lat' dir='ltr'>me</span> <span class='ocrx_word' id='word_1_382' title='bbox 1093 2591 1136 2622; x_wconf 88' lang='lat' dir='ltr'>de</span> <span class='ocrx_word' id='word_1_383' title='bbox 1155 2595 1320 2623; x_wconf 90' lang='lat' dir='ltr'>notarum</span> <span class='ocrx_word' id='word_1_384' title='bbox 1338 2591 1374 2623; x_wconf 86' lang='lat' dir='ltr'>in</span> <span class='ocrx_word' id='word_1_385' title='bbox 1397 2590 1526 2622; x_wconf 86' lang='lat' dir='ltr'>codice</span> <span class='ocrx_word' id='word_1_386' title='bbox 1547 2591 1743 2631; x_wconf 82' lang='lat' dir='ltr'>archetypo</span> 
     </span>
     <span class='ocr_line' id='line_1_46' title="bbox 171 2632 1744 2709; baseline 0.003 -46"><span class='ocrx_word' id='word_1_387' title='bbox 171 2632 369 2709; x_wconf 45' lang='lat' dir='ltr'>{affuentia</span> <span class='ocrx_word' id='word_1_388' title='bbox 404 2636 582 2668; x_wconf 87' lang='lat' dir='ltr'>iudicasse</span> <span class='ocrx_word' id='word_1_389' title='bbox 613 2637 717 2669; x_wconf 84' lang='lat' dir='ltr'>docet</span> <span class='ocrx_word' id='word_1_390' title='bbox 749 2646 850 2668; x_wconf 68' lang='lat' dir='ltr'>mnu</span> <span class='ocrx_word' id='word_1_391' title='bbox 883 2645 1038 2668; x_wconf 58' lang='lat' dir='ltr'>rionava</span> <span class='ocrx_word' id='word_1_392' title='bbox 1073 2637 1280 2679; x_wconf 85' lang='lat' dir='ltr'>apographo</span> <span class='ocrx_word' id='word_1_393' title='bbox 1313 2645 1394 2668; x_wconf 90' lang='lat' dir='ltr'>meo</span> <span class='ocrx_word' id='word_1_394' title='bbox 1435 2635 1524 2676; x_wconf 82' lang='lat' dir='ltr'>(pag.</span> <span class='ocrx_word' id='word_1_395' title='bbox 1552 2638 1744 2678; x_wconf 70' lang='lat'>253—312)</span> 
     </span>
     <span class='ocr_line' id='line_1_47' title="bbox 171 2681 363 2711; baseline 0.01 -2"><span class='ocrx_word' id='word_1_396' title='bbox 171 2687 210 2710; x_wconf 79' lang='lat' dir='ltr'>su</span> <span class='ocrx_word' id='word_1_397' title='bbox 243 2681 363 2711; x_wconf 86' lang='lat' dir='ltr'>iectus.</span> 
     </span>
    </p>
   </div>
  </div>
 </body>
</html>
