1892 3095
263 164 305 194 lv
331 163 500 202 §69——72
767 187 877 193 —
941 165 1018 202 174
1079 186 1191 194 -—

260 290 301 328 in
332 294 523 340 parentes
555 288 797 328 dominosue
830 289 917 328 dari
945 288 1090 340 solent,
1124 289 1359 341 diligentius
1381 290 1690 331 admoneamus.

195 347 453 397 701nprimis
489 347 628 398 itaque
666 347 699 385 si
738 348 856 385 iussu
888 348 1014 398 patris
1047 346 1257 386 dominiue
1288 348 1497 399 negotium
1528 354 1690 400 gestum

262 405 354 453 erit,
402 404 442 442 in
479 403 656 442 solidum
698 409 864 454 praetor
902 405 1102 442 actionem
1143 404 1182 442 in
1222 409 1382 455 patrem
1422 404 1690 444 dominumue

262 462 520 512 conparauit3
561 466 601 499 et
638 466 767 509 recte,
811 462 907 511 quia
947 462 1016 513 qui
1058 462 1111 499 ita
1150 463 1360 513 negotium
1398 463 1518 513 gerit,
1561 464 1690 514 magis

195 519 239 557 74
261 519 389 569 patris
422 518 632 557 dominiue
664 529 789 569 quam
822 517 893 556 filii
925 519 1093 557 sei-uiue
1125 517 1251 557 fidem
1283 519 1484 570 sequitur.
1535 518 1723 558 Eadem5

260 577 416 614 ratione
440 575 455 626 Η
477 576 718 626 conparauit
749 574 854 613 duas
885 575 986 614 alias
1017 576 1212 626 actiones⁷
1244 576 1528 614 exercitoriam
1561 581 1602 615 et
1630 576 1692 614 in-
1706 593 1781 625 pag.
1800 586 1865 618 244

261 634 470 671 stiloriam.
531 637 631 670 tunc
661 636 800 670 autem
831 633 1074 671 exercitoria
1104 631 1240 671 locum
1271 632 1408 683 habet,
1450 645 1544 671 cum
1573 637 1692 684 pater

261 689 509 728 dominusne
548 687 678 727 filium
717 700 943 728 seruumue
983 691 1225 741 magistrum
1257 691 1358 728 naui
1387 691 1690 741 praeposuerit,
1871 666 1892 740 ff

260 752 300 786 et
350 746 451 798 quid
501 758 595 784 cum
647 757 694 784 eo
740 747 829 785 eius
874 747 935 785 rei
980 748 1107 798 gratia
1154 748 1219 786 cui
1261 747 1522 798 praepositus
1567 747 1693 786 suerit

259 801 497 856 [negotium]
533 808 696 855 gestum
729 803 817 841 erit.
869 815 962 842 cum
990 805 1098 842 enim
1120 816 1168 843 ea
1190 816 1358 856 quoque
1380 816 1447 843 res
1470 815 1523 843 ex
1543 803 1745 843 uolua-40

259 866 341 899 tate
382 861 509 911 patris
547 859 757 898 dominiue
796 861 977 898 contrahi
1014 861 1219 911 uideatur,
1261 862 1560 913 aequissimum
1597 873 1690 900 esse

263 919 398 957 uisum
431 922 494 956 est
523 917 564 954 in
596 916 777 955 solidum
808 918 1001 956 actionem
1035 915 1096 971 <in
1127 916 1235 971 euni>
1269 918 1370 957 dari.
1423 919 1523 970 quin
1555 919 1690 970 etiam,

261 975 356 1014 licet
391 979 636 1013 extraneum
675 975 851 1026 quisque
881 975 1122 1026 magistrum
1152 977 1253 1014 naue?
1280 976 1572 1027 praeposuerit
1601 976 1691 1014 siue

261 1044 431 1071 seruum
477 1032 567 1071 siue
612 1031 812 1081 liberum,
859 1035 995 1070 tamen
1042 1044 1091 1070 ea
1128 1033 1334 1084 praetoria
1372 1034 1476 1071 actio
1514 1033 1555 1071 in
1595 1044 1691 1071 eum

262 1089 464 1128 redditur.
540 1087 633 1127 ideo
678 1093 817 1127 autem
862 1089 1105 1128 exercitoria
1149 1090 1253 1128 actio
1299 1089 1545 1141 appellatur,
1594 1091 1746 1142 quiats

262 1147 467 1186 exercitor
507 1150 681 1184 uocatur
717 1146 764 1196 is,
806 1145 859 1184 ad
901 1158 1026 1197 quem
1063 1146 1309 1186 cottidianus
1340 1148 1459 1186 nau1s
1491 1151 1690 1198 quaestus

260 1204 463 1255 peruenit.
524 1203 723 1241 institoria
760 1215 860 1242 uero
900 1203 1079 1241 formula
1115 1208 1201 1242 tum
1239 1203 1376 1242 locum
1414 1203 1555 1254 habet,
1597 1215 1692 1243 cum

262 1262 355 1313 quis
405 1259 604 1299 tabernae
649 1265 721 1299 aut
763 1259 935 1299 cuilibet
978 1261 1241 1312 negotiationi
1287 1260 1418 1300 filium
1463 1272 1691 1300 seruumue

260 1323 333 1357 aut
371 1317 604 1370 quemlibet
641 1322 885 1357 extraneum
917 1319 1006 1357 siue
1038 1330 1208 1357 seruum
1241 1319 1330 1357 siue
1362 1317 1540 1357 liberum
1572 1330 1694 1370 prae·
1882 1314 1892 1363 ἒ

259 1376 461 1427 posuerit,
507 1379 548 1413 et
586 1374 687 1427 quid
729 1387 822 1413 cum
862 1387 910 1413 eo
948 1376 1037 1414 eius
1076 1376 1135 1414 rei
1174 1376 1301 1427 gratia
1333 1376 1398 1414 cui
1429 1376 1691 1427 praepositus
1705 1383 1746 1411 20

260 1438 324 1472 est
359 1437 614 1471 contractum
645 1431 782 1471 fuerit.
843 1431 936 1471 ideo
968 1437 1106 1471 autem
1137 1433 1335 1472 institoria
1366 1437 1552 1481 uocatur,
1595 1433 1692 1484 quia

260 1491 331 1541 qui
367 1489 566 1529 tabernae
597 1490 868 1541 praeponitur
897 1490 1057 1528 institor
1086 1489 1334 1541 appellatur.
1397 1501 1501 1542 quae
1532 1494 1573 1528 et
1602 1490 1693 1540 ipsa

194 1546 245 1585 72
261 1547 439 1586 formula
470 1548 511 1585 in
543 1545 723 1585 solidum
753 1552 828 1586 est.
891 1547 1107 1586 Praeterea
1137 1546 1356 1586 tributoria
1388 1558 1557 1599 quoque
1587 1547 1691 1585 actio

258 1606 300 1643 in
337 1609 499 1655 patrem
536 1603 806 1643 dominumue
845 1605 1065 1643 constituta
1104 1609 1178 1654 est,
1219 1616 1313 1643 cum
1344 1603 1455 1643 filius
1487 1615 1692 1643 seruusue

257 1663 298 1700 in
328 1660 533 1713 peculiari
561 1673 699 1700 merce
731 1662 885 1700 sciente
916 1666 1033 1712 patre
1062 1660 1283 1701 dominoue
1305 1661 1550 1714 negotietur.
1595 1673 1688 1699 nam
1704 1666 1745 1696 25

259 1737 1691 1748 mmmmwvwwvmmswwmswwmmeWWv
1885 1745 1892 1792 l

349 1775 368 1813 ξ
395 1776 434 1805 70
470 1773 563 1805 conf.
591 1774 672 1805 inst.
700 1775 729 1815 4,
764 1776 793 1814 7,
826 1776 838 1805 4
878 1773 891 1812 ΙΙ
923 1774 943 1814 ξ
969 1776 1004 1805 74
1039 1782 1153 1815 usque
1178 1773 1223 1805 ad
1251 1776 1291 1804 40
1319 1775 1384 1805 erit
1408 1774 1444 1805 et
1467 1773 1552 1805 inde
1577 1773 1621 1805 ab
1648 1775 1688 1805 45
1882 1793 1892 1821 4

258 1822 330 1852 ideo
355 1819 448 1851 conf.
475 1820 560 1853 Inst.
585 1821 616 1861 lo,
642 1822 672 1861 7,
699 1821 718 1850 2
751 1819 765 1860 ΙΙ
797 1819 817 1859 ξ
843 1821 883 1850 72
909 1818 1001 1852 conf.
1028 1820 1110 1851 lnst.
1137 1821 1166 1861 4,
1193 1821 1223 1861 7,
1251 1821 1280 1851 3.
1888 1844 1892 1851 .

513 1884 1686 1896 „memmwmmm
1879 1879 1892 1912 3

349 1925 361 1953 4
402 1925 568 1965 parentes
601 1921 698 1961 Inst.,
729 1921 888 1962 parentis
917 1919 941 1953 C
964 1920 979 1961 ΙΙ
1007 1923 1026 1952 2
1053 1920 1238 1952 dominiue
1267 1919 1453 1962 Goeschen,
1485 1920 1690 1953 dominisue

262 1968 288 2001 C
324 1968 337 2008 ΙΙ
378 1970 396 1999 6
435 1967 649 2000 institoriam
685 1966 872 2008 Gne-when,
911 1967 1167 1998 institutoriam
1207 1965 1232 1998 C
1265 1967 1472 2004 (constanter
1504 1965 1529 1998 C
1557 1967 1690 1998 conhibet

259 2015 476 2046 institutoria
519 2017 550 2045 et
586 2013 780 2053 institutor,
822 2014 902 2044 item
935 2012 1008 2052 sere
1043 2015 1239 2044 constanter
1272 2012 1428 2043 meliores
1464 2013 1592 2044 codices
1630 2012 1689 2043 In-

257 2061 486 2100 stitutionum;
524 2061 645 2091 contra
680 2058 856 2090 institoria
889 2062 920 2090 et
954 2058 1097 2089 institor
1127 2058 1310 2090 deteriores
1339 2058 1468 2089 codices
1501 2058 1689 2089 Institutio-

257 2114 340 2136 num
370 2114 446 2137 cum
483 2103 669 2144 Theophito)
707 2103 722 2145 ΙΙ
761 2106 779 2135 8
812 2104 895 2135 naui
929 2103 1181 2135 Institutionum
1214 2104 1342 2134 codices
1377 2103 1501 2142 PWE,
1535 2103 1637 2135 nauis
1664 2102 1689 2134 C

258 2155 289 2183 et
320 2151 573 2183 Institutionum
608 2151 714 2181 codex
745 2150 772 2181 B
808 2149 822 2189 ΙΙ
862 2152 880 2181 9
912 2150 1144 2190 praepositus
1174 2149 1271 2189 Inst.‚
1306 2149 1548 2189 praepositum
1581 2146 1686 2189 post?

261 2196 307 2228 Cn
345 2197 358 2236 ΙΙ
399 2199 508 2228 9-40
542 2195 653 2227 fuerit
689 2196 869 2235 negotium
902 2197 1040 2235 gestum
1072 2195 1140 2226 erit
1173 2193 1198 2226 C
1231 2194 1423 2234 (negotium
1452 2197 1490 2226 ut
1519 2195 1687 2235 glossema

257 2243 380 2274 deleuit
405 2241 612 2281 Mommsen),
650 2241 718 2272 erit
750 2242 977 2273 contractum
1008 2240 1115 2272 fuerit
1145 2239 1226 2272 Inst.
1263 2239 1278 2280 ΙΙ
1317 2242 1357 2270 42
1389 2240 1569 2272 actionem
1603 2240 1687 2272 Goe-

256 2289 372 2328 schen,
407 2288 499 2319 actio
537 2287 562 2320 C
593 2286 607 2328 ΙΙ
640 2287 676 2317 in
708 2295 791 2318 eum
825 2287 979 2318 additum
1009 2289 1059 2317 est
1088 2287 1171 2318 duce
1202 2285 1369 2317 Huschkio
1401 2285 1414 2325 ΙΙ
1447 2287 1488 2315 43
1520 2285 1686 2326 quisque]

258 2334 412 2374 quisqua
441 2342 458 2364 s
493 2332 518 2365 C
554 2332 569 2372 ΙΙ
609 2332 695 2364 naui
729 2332 916 2372 Goeschen,
948 2329 1079 2363 nauis?
1116 2331 1141 2364 C
1171 2330 1185 2371 ΙΙ
1219 2334 1260 2362 45
1290 2331 1384 2362 actio
1413 2330 1448 2372 C,
1481 2339 1545 2363 om.
1571 2331 1650 2362 Inst.
1675 2329 1688 2372 ΙΙ

259 2381 297 2409 47
331 2379 498 2418 peruenit
530 2377 568 2419 C,
599 2378 757 2419 pertinet
788 2378 868 2410 Inst.
906 2377 920 2416 ΙΙ
958 2378 1135 2409 institoria
1170 2377 1358 2416 Goeschen,
1397 2377 1616 2408 institutoria
1650 2376 1685 2416 C,

257 2426 297 2455 de
324 2425 402 2456 Inst.
435 2424 522 2463 conf.
555 2432 661 2463 supra
693 2424 737 2454 ad
768 2432 859 2454 ners.
895 2425 912 2453 6
944 2422 959 2463 ΙΙ
991 2424 1067 2454 tum
1101 2421 1135 2460 C,
1172 2423 1256 2453 tunc
1289 2422 1368 2453 Inst.
1401 2421 1414 2459 ΙΙ
1449 2423 1489 2454 48
1516 2421 1686 2454 tabernae

260 2469 299 2507 C,
333 2470 504 2502 tabernae
538 2469 627 2500 forte
654 2469 734 2500 Inst.
766 2468 780 2508 ΙΙ
813 2470 853 2499 20
881 2469 993 2507 gratia
1022 2467 1064 2509 C,
1098 2476 1206 2500 causa
1233 2467 1313 2499 Inst.
1345 2467 1359 2507 ΙΙ
1391 2469 1427 2498 24
1465 2469 1519 2499 est
1546 2467 1587 2508 C,
1618 2466 1685 2498 crit

258 2515 337 2546 lust.
356 2515 369 2555 ΙΙ
389 2515 563 2547 institoria
592 2514 772 2554 Goeschen,
801 2514 1016 2545 institutoria
1046 2513 1081 2554 C,
1112 2514 1154 2544 de
1179 2513 1258 2544 Inst.
1283 2513 1369 2552 conf.
1395 2521 1502 2552 supra
1526 2514 1570 2544 ad
1592 2520 1683 2543 πονε.

258 2563 276 2590 6
309 2562 321 2596 ΙΙ
355 2563 396 2591 22
428 2561 572 2592 institor
600 2560 787 2599 Goeschen,
823 2560 1005 2591 institutor
1033 2558 1074 2599 C,
1104 2559 1144 2590 de
1170 2558 1250 2590 Inst.
1281 2558 1368 2598 conf.
1393 2566 1501 2597 supra
1525 2558 1569 2589 ad
1591 2566 1682 2588 uers.

257 2609 275 2636 6
308 2605 322 2645 ΙΙ
355 2616 446 2647 quae
474 2606 658 2647 Goeschen,
685 2613 754 2646 qua
785 2605 810 2637 C
841 2602 853 2647 ΙΙ
885 2607 925 2636 24
950 2608 1027 2644 post
1051 2604 1226 2636 serbusue
1255 2603 1280 2636 C
1300 2612 1364 2644 per
1388 2611 1540 2635 errorem
1564 2604 1684 2642 repetit

255 2653 377 2682 uerba:
412 2653 604 2682 constituta
638 2653 694 2682 est
723 2660 806 2682 cum
839 2650 934 2682 tilius
965 2658 1141 2682 seruusue
1174 2649 1188 2690 ΙΙ
1221 2651 1264 2682 25
1288 2648 1463 2691 peculiari
1497 2648 1589 2690 lnst.‚
1619 2657 1686 2690 pe-

256 2696 381 2728 culiari
408 2695 597 2737 quioptio‘?
625 2695 679 2728 Cn.

1884 1283 1892 1310 a-
1879 1234 1892 1254 ’v
1883 1204 1892 1220 ε.
1879 1101 1892 1185 ’[4Δρ
1887 1083 1892 1091 .
1879 1013 1892 1069 ‘22'
1876 894 1892 1001 A-M‘·
1875 858 1879 870 '
