1872 3095
950 168 1013 194 XIV
1071 178 1170 184 ——

196 297 319 337 quam
352 285 503 322 facturn
526 282 663 321 adhuc
686 287 745 320 est
760 280 825 329 15);
859 281 998 331 itaque
1021 280 1142 318 etiam
1165 280 1291 317 inuito
1313 279 1418 318 libro
1444 279 1474 318 C
1492 279 1579 319 fere
1599 279 1761 332 'ubique

196 347 450 380 constantem
496 339 722 379 eorundem
760 334 1061 376 uocabulorum
1103 336 1436 387 orthographiam
1480 337 1521 376 in
1566 342 1762 376 contextu

196 399 464 436 restituimus.
528 397 571 434 ln
617 395 714 433 locis
764 395 842 443 eis,
890 394 961 444 qui
1006 393 1084 431 nisi
1129 392 1277 431 audaci
1322 394 1556 432 coniectura
1600 394 1762 433 restitui

195 460 421 506 nequeunt,
455 459 496 492 et
525 454 563 491 in
595 449 695 490 locis
727 449 970 501 desperatis,
1004 449 1056 488 de
1088 449 1242 501 quibus
1273 448 1375 488 nihil
1405 450 1484 489 nisi
1512 451 1694 489 incertae
1722 455 1763 489 et

194 523 302 562 quae
336 512 448 549 uario
481 509 601 547 modo
634 510 674 546 in
706 506 934 545 uerborum
976 507 1211 544 Latinorum
1250 507 1431 556 speciem
1467 506 1762 558 comprehendi

194 569 354 618 possint
398 566 597 617 reliquiae
635 569 881 614 supersunt,
927 568 1097 614 propter
1141 562 1445 614 typographum
1490 574 1574 602 non
1618 575 1760 602 omnes

194 623 423 661 litterarum
455 624 590 673 apices
623 621 812 659 omniaue
843 619 993 658 bacilla
1026 619 1178 657 inflexa
1210 625 1250 658 et
1280 620 1506 669 incuruata,
1540 631 1648 671 quae
1669 620 1764 659 inc

194 680 275 731 legi
306 691 427 731 posse
459 681 548 717 uisa
580 682 687 726 sunt,
720 678 827 728 typis
859 675 1136 715 describenda
1158 677 1412 726 curauimus,
1445 675 1522 714 sed
1549 675 1764 728 delegaui-

195 748 287 774 mus
330 736 504 774 lectores
546 734 599 773 ad
633 734 680 771 C³²
719 732 838 783 (conf.
872 745 907 772 e.
941 745 978 784 g.
1010 744 1103 783 pag.
1137 732 1204 783 76,
1247 732 1425 783 40—77,
1461 732 1475 770 4
1513 732 1638 772 huius
1675 732 1763 773 edi-

193 794 313 831 tionis
354 799 427 830 etc.
471 789 580 843 etc.),
628 790 900 841 similiterque
939 791 979 828 in
1020 788 1252 840 desperatis
1287 790 1532 841 paginarum
1572 789 1762 841 partibus

193 850 339 901 (ueluti
371 850 409 887 in
442 850 577 899 priore
608 852 725 898 parte
757 848 930 898 paginae
968 845 1065 884 libri
1098 845 1127 883 C
1157 845 1222 895 45)
1262 857 1344 884 non
1386 845 1685 898 descripsimus
1721 847 1763 886 in

194 906 422 944 uerborum
461 905 709 943 Gaianorum
749 908 943 942 contextu
980 903 1058 941 nisi
1104 914 1174 941 eas
1216 901 1389 952 litteras,
1433 914 1540 954 quae
1580 903 1762 956 aliquam

194 963 421 1001 uerborum
452 961 673 1000 latinorum
706 961 877 998 sormam
908 959 1108 998 inducere
1138 971 1262 1010 posse
1292 958 1550 998 uiderentur.

307 1019 451 1057 Notam
488 1017 639 1057 codicis
670 1017 943 1067 Veronensis,
991 1017 1096 1054 sicut
1134 1027 1261 1067 supra
1296 1028 1389 1068 pag.
1422 1029 1443 1054 v
1476 1015 1675 1068 diximus,
1721 1017 1762 1056 in

192 1081 396 1126 apparatu
427 1077 565 1113 critico
597 1087 619 1113 a
649 1074 770 1113 nobis
802 1074 1025 1125 composito
1046 1072 1258 1112 noluimus
1280 1084 1374 1111 esse
1399 1072 1428 1111 C
1447 1071 1637 1112 litteram.
1684 1073 1764 1113 Vbi

193 1135 351 1183 primae
383 1144 530 1170 manus
562 1129 638 1183 (0¹)
675 1132 880 1182 scriptura
921 1142 943 1168 a
982 1135 1126 1168 uetere
1167 1134 1397 1168 correctore
1438 1129 1664 1169 semidocto
1695 1128 1762 1182 (de

194 1202 276 1240 quo
308 1189 412 1228 conf.
441 1189 486 1226 C²
508 1200 599 1240 pag.
622 1200 716 1226 xxlx
738 1185 841 1239 seq.)
873 1185 1129 1226 secernenda
1163 1192 1261 1237 erat,
1294 1187 1405 1225 hunc
1434 1191 1531 1225 nota
1549 1185 1598 1225 02
1619 1186 1765 1226 distin-

194 1248 343 1285 ximus.
403 1246 505 1284 Nota
541 1246 590 1283 Cu
622 1244 946 1296 significauimus
978 1245 1226 1294 scripturam
1257 1244 1297 1281 in
1332 1243 1362 1280 C
1389 1255 1471 1282 non
1501 1243 1638 1294 plenis
1659 1244 1764 1283 inte-

190 1304 364 1354 grisque
393 1301 540 1341 litteris
572 1301 764 1340 omnibus
794 1302 1068 1351 perscriptam
1100 1299 1173 1339 sed
1207 1311 1282 1350 per
1302 1311 1432 1338 unum
1454 1299 1632 1351 pluraue
1654 1312 1764 1339 com—

194 1359 345 1410 pendia
376 1359 751 1411 tachygraphorum
783 1358 1034 1395 notariorum
1066 1369 1180 1395 more
1211 1354 1526 1409 expressam19).
1590 1356 1657 1396 Ο2Ω
1689 1358 1765 1410 igi-

193 1422 262 1454 tur
293 1416 493 1467 significat
525 1416 785 1465 scripturam,
827 1426 934 1466 quae
967 1425 989 1452 a
1023 1413 1071 1451 C2
1100 1414 1154 1451 ita
1184 1413 1369 1464 profecta
1401 1417 1476 1463 est,
1516 1417 1563 1452 ut
1592 1414 1682 1465 ipse
1717 1414 1765 1453 C2

196 1474 232 1523 (i.
276 1485 310 1512 e.
352 1472 504 1511 codicis
534 1472 784 1511 Veronensis
826 1475 1031 1509 corrector
1068 1472 1204 1519 uetus)
1245 1469 1488 1521 compendio
1532 1472 1763 1522 scripturae

195 1531 284 1568 siue
315 1534 410 1568 nota
443 1528 633 1568 sollemni
663 1533 864 1567 uteretur.
925 1528 1096 1578 Signum
1127 1527 1458 1578 interrogationis
1487 1527 1529 1566 in
1560 1533 1764 1579 apparatu

194 1587 333 1624 critico
378 1586 489 1624 idem
535 1585 767 1637 significare
822 1584 1030 1623 noluimus
1072 1588 1198 1635 atque
1245 1588 1312 1621 »ut
1346 1583 1554 1632 uidetur‹;
1605 1585 1665 1623 sic
1709 1584 1763 1624 ad

194 1655 286 1695 pag.
311 1643 332 1680 3
356 1654 467 1681 uers.
504 1642 554 1680 48
586 1643 662 1680 hoc
694 1643 857 1692 signum
888 1640 1041 1679 indicat
1071 1652 1152 1678 non
1183 1651 1353 1690 prorsus
1385 1644 1496 1678 certo
1528 1639 1607 1679 dici
1637 1653 1762 1692 posse

193 1702 235 1738 in
276 1699 304 1737 C
338 1699 440 1737 nihil
478 1700 556 1737 nisi
593 1703 630 1737 et
666 1705 761 1750 (non
798 1697 938 1736 addita
977 1695 1146 1747 lineola,
1189 1709 1270 1748 qua
1306 1695 1599 1748 compendium
1635 1699 1764 1750 scrip-

189 1762 312 1795 turae
344 1755 610 1807 indicaretur)
649 1756 856 1805 extitisse,
906 1753 1038 1793 uideri
1074 1759 1212 1792 tamen
1243 1753 1342 1791 nihil
1371 1755 1449 1792 nisi
1481 1759 1516 1793 et
1545 1754 1604 1793 ibi
1634 1756 1766 1807 scrip-

193 1820 281 1852 tum
314 1813 455 1851 fuisse.

307 1870 495 1921 Denique
517 1870 558 1907 in
586 1873 787 1919 apparatu
819 1868 955 1905 critico
986 1873 1153 1919 praeter
1184 1865 1503 1918 discrepantiam
1534 1868 1762 1919 scripturae

194 1926 290 1965 libri
331 1926 362 1965 C
398 1931 439 1964 et
483 1925 657 1964 selectas
698 1926 882 1963 uirorum
924 1924 1138 1963 doctorum
1177 1925 1433 1962 coniecturas
1478 1926 1762 1976 congessimus

195 1982 384 2034 plenius,
432 1995 557 2034 quam
589 1994 612 2020 a
641 1981 852 2033 prioribus
893 1980 1122 2019 editorIbus
1155 1980 1307 2019 factum
1347 1986 1430 2030 est,
1477 1980 1762 2021 subsidiorum

195 2039 377 2090 illorum,
423 2039 474 2078 de
516 2039 670 2091 quibus
709 2050 834 2089 supra
874 2039 913 2076 in
951 2038 1073 2076 huius
1110 2037 1375 2088 praefationis
1417 2038 1529 2076 initio
1567 2037 1760 2088 diximus,

194 2096 391 2135 lectiones
431 2108 453 2134 a
488 2096 516 2133 C
552 2095 854 2146 discrepantes;
901 2100 1025 2146 atque
1066 2095 1228 2146 Digesta
1269 2093 1439 2145 quidem
1478 2093 1532 2133 ad
1572 2094 1761 2135 editionis

195 2155 553 2203 Mommsenianae,
585 2153 864 2190 Institutiones
897 2152 1108 2189 IustinIani
1145 2150 1197 2190 ad
1235 2150 1424 2194 editionis
1455 2152 1761 2203 Kruegerianae

289 2266 340 2305 18,-
367 2266 549 2305 Scriptura
581 2264 765 2296 sollemnis
798 2267 831 2295 et
859 2265 892 2295 in
923 2263 1049 2295 codice
1079 2264 1104 2296 C
1128 2266 1336 2295 constanter
1359 2266 1501 2296 seruata
1524 2272 1642 2295 rerum
1663 2272 1762 2295 man-

198 2312 263 2350 cipi
288 2315 321 2341 et
345 2320 406 2341 nec
423 2312 581 2351 ηιαηοίρῐ,
608 2319 716 2350 quam
741 2313 844 2341 antea
871 2310 906 2341 in
930 2318 987 2341 res
1011 2311 1173 2348 mancipii
1199 2312 1231 2341 et
1256 2318 1317 2341 nec
1339 2311 1503 2348 mancipii
1526 2309 1760 2351 mutauimus,

199 2358 231 2386 in
261 2358 361 2387 tertia
387 2356 544 2386 editione
570 2357 730 2387 restituta
759 2358 820 2386 est.

291 2404 341 2441 ⁴9)
369 2401 543 2432 Notarum
562 2409 649 2432 usus
669 2401 836 2441 ingenioli
861 2400 919 2432 uel
943 2400 1138 2431 mediocris
1163 2402 1228 2441 est,
1253 2399 1518 2431 exercitationis
1541 2401 1661 2430 tamen
1687 2408 1763 2431 ma-

199 2447 323 2477 ximae.
374 2447 496 2487 ltaque
530 2447 700 2487 quoniam
735 2456 804 2478 non
839 2454 981 2485 omnes,
1015 2447 1076 2486 qui
1111 2446 1177 2477 hac
1209 2445 1367 2477 editione
1398 2447 1559 2485 utentur,
1594 2453 1760 2485 magnam

201 2491 298 2521 illam
334 2495 497 2523 notatum
525 2492 753 2523 sollemnium
785 2492 925 2532 copiam
959 2492 1129 2522 memoria
1155 2490 1342 2532 tenebunt,
1376 2491 1411 2521 in
1436 2491 1610 2531 apparatu
1634 2491 1760 2522 critico

201 2536 272 2567 scri·
293 2539 498 2568 constanter
516 2546 578 2577 pro
605 2538 692 2578 ipsis
718 2537 854 2569 codicis
876 2536 901 2568 C
926 2536 1018 2567 notis
1045 2536 1173 2568 harum
1196 2536 1468 2576 explicationem
1495 2534 1661 2567 dedimus
1687 2535 1761 2577 (ad-

203 2582 275 2611 ‹iito
301 2582 361 2612 ubi
388 2583 474 2613 utile
500 2584 618 2614 uisum
647 2585 699 2614 cst
728 2583 772 2615 Cn
797 2579 848 2625 [id
875 2583 927 2613 est
955 2580 1002 2614 »C
1023 2590 1087 2621 per
1111 2580 1260 2622 notam‹]
1286 2579 1412 2621 signo).
1459 2581 1692 2613 Accuratiora
1717 2581 1760 2613 de

202 2625 256 2657 iiis
290 2628 486 2666 scripturae
520 2628 759 2670 compendiis,
797 2627 930 2669 quibus
964 2627 1055 2659 liber
1091 2627 1115 2660 C
1147 2627 1322 2669 abundat,
1359 2626 1420 2667 qui
1454 2626 1547 2658 scire
1580 2625 1694 2668 uolet,
1729 2626 1761 2660 is

203 2672 305 2702 :ltleni
334 2672 373 2702 Ca
400 2682 473 2712 pag.
494 2675 683 2705 253--342
