<?xml version="1.0" encoding="UTF-8"?>
<!DOCTYPE html PUBLIC "-//W3C//DTD XHTML 1.0 Transitional//EN"
    "http://www.w3.org/TR/xhtml1/DTD/xhtml1-transitional.dtd">
<html xmlns="http://www.w3.org/1999/xhtml" xml:lang="en" lang="en">
 <head>
  <title>
</title>
<meta http-equiv="Content-Type" content="text/html;charset=utf-8" />
  <meta name='ocr-system' content='tesseract 3.04.00' />
  <meta name='ocr-capabilities' content='ocr_page ocr_carea ocr_par ocr_line ocrx_word'/>
</head>
<body>
  <div class='ocr_page' id='page_1' title='image "./collectiolibroru01krue_0094.png"; bbox 0 0 1892 3095; ppageno 0'>
   <div class='ocr_carea' id='block_1_1' title="bbox 303 173 1213 213">
    <p class='ocr_par' dir='ltr' id='par_1_1' title="bbox 303 173 1213 213">
     <span class='ocr_line' id='line_1_1' title="bbox 303 173 1213 213; baseline -0.002 -9"><span class='ocrx_word' id='word_1_1' title='bbox 303 173 509 213; x_wconf 77' lang='lat'><strong>1§77—80</strong></span> <span class='ocrx_word' id='word_1_2' title='bbox 817 197 929 202; x_wconf 73' lang='lat'>—-</span> <span class='ocrx_word' id='word_1_3' title='bbox 988 173 1042 212; x_wconf 85' lang='lat'>20</span> <span class='ocrx_word' id='word_1_4' title='bbox 1102 194 1213 202; x_wconf 58' lang='grc'>,-</span> 
     </span>
    </p>
   </div>
   <div class='ocr_carea' id='block_1_2' title="bbox 241 298 1886 1377">
    <p class='ocr_par' dir='ltr' id='par_1_2' title="bbox 241 298 1886 1377">
     <span class='ocr_line' id='line_1_2' title="bbox 304 298 1730 351; baseline 0.004 -14"><span class='ocrx_word' id='word_1_5' title='bbox 304 298 479 337; x_wconf 87' lang='lat' dir='ltr'>nubium</span> <span class='ocrx_word' id='word_1_6' title='bbox 527 303 608 349; x_wconf 84' lang='lat' dir='ltr'>est,</span> <span class='ocrx_word' id='word_1_7' title='bbox 666 299 869 349; x_wconf 76' lang='lat' dir='ltr'>nupserit,</span> <span class='ocrx_word' id='word_1_8' title='bbox 918 299 1185 350; x_wconf 81' lang='lat' dir='ltr'>peregrinum</span> <span class='ocrx_word' id='word_1_9' title='bbox 1232 311 1330 338; x_wconf 87' lang='lat' dir='ltr'>sane</span> <span class='ocrx_word' id='word_1_10' title='bbox 1381 306 1569 351; x_wconf 82' lang='lat' dir='ltr'>procreat</span> <span class='ocrx_word' id='word_1_11' title='bbox 1615 306 1656 341; x_wconf 80' lang='lat' dir='ltr'>et</span> <span class='ocrx_word' id='word_1_12' title='bbox 1697 304 1730 343; x_wconf 84' lang='lat' dir='ltr'>is</span> 
     </span>
     <span class='ocr_line' id='line_1_3' title="bbox 305 355 1733 410; baseline 0.002 -16"><span class='ocrx_word' id='word_1_13' title='bbox 305 358 440 394; x_wconf 83' lang='lat' dir='ltr'>iustus</span> <span class='ocrx_word' id='word_1_14' title='bbox 473 358 600 407; x_wconf 84' lang='lat' dir='ltr'>patris</span> <span class='ocrx_word' id='word_1_15' title='bbox 634 355 740 394; x_wconf 84' lang='lat' dir='ltr'>filius</span> <span class='ocrx_word' id='word_1_16' title='bbox 774 360 848 406; x_wconf 87' lang='lat' dir='ltr'>est,</span> <span class='ocrx_word' id='word_1_17' title='bbox 880 360 1088 407; x_wconf 75' lang='lat' dir='ltr'>tamquam</span> <span class='ocrx_word' id='word_1_18' title='bbox 1121 357 1156 394; x_wconf 91' lang='lat' dir='ltr'>si</span> <span class='ocrx_word' id='word_1_19' title='bbox 1187 369 1239 395; x_wconf 81' lang='lat' dir='ltr'>ex</span> <span class='ocrx_word' id='word_1_20' title='bbox 1271 359 1487 409; x_wconf 78' lang='lat' dir='ltr'>peregrina</span> <span class='ocrx_word' id='word_1_21' title='bbox 1520 371 1615 398; x_wconf 86' lang='lat' dir='ltr'>eum</span> <span class='ocrx_word' id='word_1_22' title='bbox 1637 370 1733 410; x_wconf 91' lang='lat' dir='ltr'>pro-</span> 
     </span>
     <span class='ocr_line' id='line_1_4' title="bbox 306 410 1886 469; baseline 0.002 -17"><span class='ocrx_word' id='word_1_23' title='bbox 306 418 499 452; x_wconf 83' lang='lat' dir='ltr'>creasset.</span> <span class='ocrx_word' id='word_1_24' title='bbox 540 412 554 463; x_wconf 91' lang='grc' dir='ltr'>ΙΙ</span> <span class='ocrx_word' id='word_1_25' title='bbox 577 414 653 451; x_wconf 90' lang='lat' dir='ltr'>hoe</span> <span class='ocrx_word' id='word_1_26' title='bbox 693 417 829 451; x_wconf 86' lang='lat' dir='ltr'>tamen</span> <span class='ocrx_word' id='word_1_27' title='bbox 860 417 1046 463; x_wconf 85' lang='lat' dir='ltr'>tempore</span> <span class='ocrx_word' id='word_1_28' title='bbox 1080 410 1175 465; x_wconf 69' lang='lat' dir='ltr'>&lt;ea&gt;</span> <span class='ocrx_word' id='word_1_29' title='bbox 1208 414 1586 466; x_wconf 80' lang='lat' dir='ltr'>senatusconsulto,</span> <span class='ocrx_word' id='word_1_30' title='bbox 1620 413 1733 468; x_wconf 86' lang='lat' dir='ltr'>quod</span> <span class='ocrx_word' id='word_1_31' title='bbox 1747 427 1886 469; x_wconf 55' lang='lat' dir='ltr'>paga-1</span> 
     </span>
     <span class='ocr_line' id='line_1_5' title="bbox 306 469 1734 520; baseline 0.003 -12"><span class='ocrx_word' id='word_1_32' title='bbox 306 475 473 509; x_wconf 85' lang='lat' dir='ltr'>auctore</span> <span class='ocrx_word' id='word_1_33' title='bbox 506 469 602 509; x_wconf 90' lang='lat' dir='ltr'>diuo</span> <span class='ocrx_word' id='word_1_34' title='bbox 635 469 836 507; x_wconf 86' lang='lat' dir='ltr'>Hadriano</span> <span class='ocrx_word' id='word_1_35' title='bbox 868 469 1020 508; x_wconf 85' lang='lat' dir='ltr'>factum</span> <span class='ocrx_word' id='word_1_36' title='bbox 1053 475 1127 520; x_wconf 85' lang='lat' dir='ltr'>est,</span> <span class='ocrx_word' id='word_1_37' title='bbox 1161 471 1318 509; x_wconf 85' lang='lat' dir='ltr'>etiamsi</span> <span class='ocrx_word' id='word_1_38' title='bbox 1349 483 1430 510; x_wconf 93' lang='lat' dir='ltr'>non</span> <span class='ocrx_word' id='word_1_39' title='bbox 1462 471 1585 511; x_wconf 87' lang='lat' dir='ltr'>fuerit</span> <span class='ocrx_word' id='word_1_40' title='bbox 1607 484 1734 512; x_wconf 89' lang='lat' dir='ltr'>conu-</span> 
     </span>
     <span class='ocr_line' id='line_1_6' title="bbox 306 527 1766 580; baseline 0.002 -15"><span class='ocrx_word' id='word_1_41' title='bbox 306 527 421 566; x_wconf 90' lang='lat' dir='ltr'>bium</span> <span class='ocrx_word' id='word_1_42' title='bbox 458 528 565 565; x_wconf 87' lang='lat' dir='ltr'>inter</span> <span class='ocrx_word' id='word_1_43' title='bbox 602 527 735 564; x_wconf 84' lang='lat' dir='ltr'>ciuem</span> <span class='ocrx_word' id='word_1_44' title='bbox 776 527 995 565; x_wconf 87' lang='lat' dir='ltr'>Romanam</span> <span class='ocrx_word' id='word_1_45' title='bbox 1034 531 1074 565; x_wconf 87' lang='lat' dir='ltr'>et</span> <span class='ocrx_word' id='word_1_46' title='bbox 1111 528 1401 579; x_wconf 81' lang='lat' dir='ltr'>peregrinum,</span> <span class='ocrx_word' id='word_1_47' title='bbox 1441 530 1511 580; x_wconf 92' lang='lat' dir='ltr'>qui</span> <span class='ocrx_word' id='word_1_48' title='bbox 1549 531 1766 574; x_wconf 58' lang='lat' dir='ltr'>nascituris</span> 
     </span>
     <span class='ocr_line' id='line_1_7' title="bbox 241 582 1734 635; baseline 0.003 -13"><span class='ocrx_word' id='word_1_49' title='bbox 241 586 442 623; x_wconf 78' lang='lat' dir='ltr'>78iustus</span> <span class='ocrx_word' id='word_1_50' title='bbox 474 585 602 635; x_wconf 76' lang='lat' dir='ltr'>patris</span> <span class='ocrx_word' id='word_1_51' title='bbox 636 583 744 621; x_wconf 81' lang='lat' dir='ltr'>lilius</span> <span class='ocrx_word' id='word_1_52' title='bbox 777 587 850 622; x_wconf 89' lang='lat' dir='ltr'>est.</span> <span class='ocrx_word' id='word_1_53' title='bbox 885 582 901 635; x_wconf 84' lang='grc' dir='ltr'>ΙΙ</span> <span class='ocrx_word' id='word_1_54' title='bbox 931 583 1051 630; x_wconf 92' lang='lat' dir='ltr'>Quod</span> <span class='ocrx_word' id='word_1_55' title='bbox 1083 589 1220 623; x_wconf 86' lang='lat' dir='ltr'>autem</span> <span class='ocrx_word' id='word_1_56' title='bbox 1253 584 1433 623; x_wconf 82' lang='lat' dir='ltr'><strong>diximus</strong></span> <span class='ocrx_word' id='word_1_57' title='bbox 1464 586 1570 624; x_wconf 84' lang='lat' dir='ltr'>inter</span> <span class='ocrx_word' id='word_1_58' title='bbox 1600 588 1734 626; x_wconf 84' lang='lat' dir='ltr'>ciuem</span> 
     </span>
     <span class='ocr_line' id='line_1_8' title="bbox 308 640 1736 696; baseline 0.002 -17"><span class='ocrx_word' id='word_1_59' title='bbox 308 643 528 680; x_wconf 81' lang='lat' dir='ltr'>Romanam</span> <span class='ocrx_word' id='word_1_60' title='bbox 559 641 906 692; x_wconf 77' lang='lat' dir='ltr'>peregrinumque</span> <span class='ocrx_word' id='word_1_61' title='bbox 936 664 951 666; x_wconf 36' lang='lat' dir='ltr'>a</span> <span class='ocrx_word' id='word_1_62' title='bbox 1427 643 1496 693; x_wconf 73' lang='lat' dir='ltr'>qni</span> <span class='ocrx_word' id='word_1_63' title='bbox 1519 640 1525 696; x_wconf 88' lang='grc' dir='ltr'>Ι</span> <span class='ocrx_word' id='word_1_64' title='bbox 1552 645 1736 682; x_wconf 86' lang='lat' dir='ltr'>nascitur</span> 
     </span>
     <span class='ocr_line' id='line_1_9' title="bbox 307 695 1733 753; baseline -0.001 -16"><span class='ocrx_word' id='word_1_65' title='bbox 307 699 574 750; x_wconf 79' lang='lat' dir='ltr'>peregrinum</span> <span class='ocrx_word' id='word_1_66' title='bbox 607 709 712 748; x_wconf 81' lang='lat' dir='ltr'>osse,</span> <span class='ocrx_word' id='word_1_67' title='bbox 746 697 838 749; x_wconf 80' lang='lat' dir='ltr'>lege</span> <span class='ocrx_word' id='word_1_68' title='bbox 870 698 1026 736; x_wconf 86' lang='lat' dir='ltr'>Minicia</span> <span class='ocrx_word' id='word_1_69' title='bbox 1057 702 1247 748; x_wconf 71' lang='lat' dir='ltr'>cauetur,</span> <span class='ocrx_word' id='word_1_70' title='bbox 1287 695 1733 753; x_wconf 81' lang='lat'>&lt;———&gt;</span> 
     </span>
     <span class='ocr_line' id='line_1_10' title="bbox 311 755 1738 808; baseline 0.001 -16"><span class='ocrx_word' id='word_1_71' title='bbox 311 761 394 807; x_wconf 67' lang='lat' dir='ltr'>jest,</span> <span class='ocrx_word' id='word_1_72' title='bbox 427 760 472 793; x_wconf 89' lang='lat' dir='ltr'>ut</span> <span class='ocrx_word' id='word_1_73' title='bbox 503 767 1068 793; x_wconf 48' lang='lat' dir='ltr'>s———ffl</span> <span class='ocrx_word' id='word_1_74' title='bbox 1083 756 1264 806; x_wconf 85' lang='lat' dir='ltr'>parentis</span> <span class='ocrx_word' id='word_1_75' title='bbox 1288 755 1571 795; x_wconf 86' lang='lat' dir='ltr'>condicionem</span> <span class='ocrx_word' id='word_1_76' title='bbox 1592 767 1738 808; x_wconf 80' lang='lat' dir='ltr'>sequa-</span> 
     </span>
     <span class='ocr_line' id='line_1_11' title="bbox 309 810 1790 865; baseline 0.001 -14"><span class='ocrx_word' id='word_1_77' title='bbox 309 818 388 851; x_wconf 76' lang='lat' dir='ltr'>tur.</span> <span class='ocrx_word' id='word_1_78' title='bbox 422 810 426 865; x_wconf 82' lang='grc' dir='ltr'>Ι</span> <span class='ocrx_word' id='word_1_79' title='bbox 455 811 599 850; x_wconf 88' lang='lat' dir='ltr'>eadem</span> <span class='ocrx_word' id='word_1_80' title='bbox 632 810 723 863; x_wconf 82' lang='lat' dir='ltr'>lege</span> <span class='ocrx_word' id='word_1_81' title='bbox 756 813 863 850; x_wconf 87' lang='lat' dir='ltr'>enim</span> <span class='ocrx_word' id='word_1_82' title='bbox 897 824 948 849; x_wconf 84' lang='lat' dir='ltr'>ex</span> <span class='ocrx_word' id='word_1_83' title='bbox 981 811 1147 850; x_wconf 83' lang='lat' dir='ltr'>diuerso</span> <span class='ocrx_word' id='word_1_84' title='bbox 1179 816 1372 862; x_wconf 73' lang='lat' dir='ltr'>cauetur,</span> <span class='ocrx_word' id='word_1_85' title='bbox 1414 818 1458 851; x_wconf 76' lang='lat' dir='ltr'>ut</span> <span class='ocrx_word' id='word_1_86' title='bbox 1488 814 1522 852; x_wconf 89' lang='lat' dir='ltr'>si</span> <span class='ocrx_word' id='word_1_87' title='bbox 1551 815 1790 865; x_wconf 72' lang='lat' dir='ltr'>peregri-⁴0</span> 
     </span>
     <span class='ocr_line' id='line_1_12' title="bbox 308 868 1737 920; baseline 0.002 -14"><span class='ocrx_word' id='word_1_88' title='bbox 308 881 420 919; x_wconf 83' lang='lat' dir='ltr'>nam,</span> <span class='ocrx_word' id='word_1_89' title='bbox 455 880 541 906; x_wconf 79' lang='lat' dir='ltr'>cum</span> <span class='ocrx_word' id='word_1_90' title='bbox 580 880 661 920; x_wconf 87' lang='lat' dir='ltr'>qua</span> <span class='ocrx_word' id='word_1_91' title='bbox 701 869 738 907; x_wconf 91' lang='lat' dir='ltr'>ei</span> <span class='ocrx_word' id='word_1_92' title='bbox 769 868 992 907; x_wconf 86' lang='lat' dir='ltr'>conubium</span> <span class='ocrx_word' id='word_1_93' title='bbox 1024 881 1105 907; x_wconf 90' lang='lat' dir='ltr'>non</span> <span class='ocrx_word' id='word_1_94' title='bbox 1138 870 1205 919; x_wconf 89' lang='lat' dir='ltr'>sit,</span> <span class='ocrx_word' id='word_1_95' title='bbox 1237 881 1410 908; x_wconf 84' lang='lat' dir='ltr'>uxorem</span> <span class='ocrx_word' id='word_1_96' title='bbox 1443 869 1608 909; x_wconf 78' lang='lat' dir='ltr'>duxerit</span> <span class='ocrx_word' id='word_1_97' title='bbox 1637 872 1737 909; x_wconf 80' lang='lat' dir='ltr'>ciuis</span> 
     </span>
     <span class='ocr_line' id='line_1_13' title="bbox 310 926 1737 977; baseline 0.002 -14"><span class='ocrx_word' id='word_1_98' title='bbox 310 928 523 976; x_wconf 74' lang='lat' dir='ltr'>Romanus,</span> <span class='ocrx_word' id='word_1_99' title='bbox 554 927 802 977; x_wconf 81' lang='lat' dir='ltr'>peregrinus</span> <span class='ocrx_word' id='word_1_100' title='bbox 835 938 886 964; x_wconf 81' lang='lat' dir='ltr'>ex</span> <span class='ocrx_word' id='word_1_101' title='bbox 909 937 956 964; x_wconf 84' lang='lat' dir='ltr'>eo</span> <span class='ocrx_word' id='word_1_102' title='bbox 980 926 1087 964; x_wconf 86' lang='lat' dir='ltr'>coitu</span> <span class='ocrx_word' id='word_1_103' title='bbox 1109 931 1313 964; x_wconf 85' lang='lat' dir='ltr'>nascatur.</span> <span class='ocrx_word' id='word_1_104' title='bbox 1366 926 1441 965; x_wconf 85' lang='lat' dir='ltr'>sed</span> <span class='ocrx_word' id='word_1_105' title='bbox 1463 927 1539 965; x_wconf 87' lang='lat' dir='ltr'>hoc</span> <span class='ocrx_word' id='word_1_106' title='bbox 1560 928 1737 967; x_wconf 80' lang='lat' dir='ltr'>maxime</span> 
     </span>
     <span class='ocr_line' id='line_1_14' title="bbox 309 982 1738 1036; baseline 0.001 -14"><span class='ocrx_word' id='word_1_107' title='bbox 309 995 408 1022; x_wconf 86' lang='lat' dir='ltr'>casu</span> <span class='ocrx_word' id='word_1_108' title='bbox 437 983 671 1022; x_wconf 79' lang='lat' dir='ltr'>necessaria</span> <span class='ocrx_word' id='word_1_109' title='bbox 705 982 774 1021; x_wconf 86' lang='lat' dir='ltr'>lex</span> <span class='ocrx_word' id='word_1_110' title='bbox 805 984 981 1031; x_wconf 82' lang='lat' dir='ltr'>Minicia3</span> <span class='ocrx_word' id='word_1_111' title='bbox 1013 994 1106 1021; x_wconf 85' lang='lat' dir='ltr'>nam</span> <span class='ocrx_word' id='word_1_112' title='bbox 1139 988 1294 1022; x_wconf 85' lang='lat' dir='ltr'>remota</span> <span class='ocrx_word' id='word_1_113' title='bbox 1327 995 1374 1022; x_wconf 87' lang='lat' dir='ltr'>ea</span> <span class='ocrx_word' id='word_1_114' title='bbox 1405 983 1497 1036; x_wconf 80' lang='lat' dir='ltr'>lege</span> <span class='ocrx_word' id='word_1_115' title='bbox 1530 983 1738 1023; x_wconf 86' lang='lat' dir='ltr'>diuersam</span> 
     </span>
     <span class='ocr_line' id='line_1_15' title="bbox 309 1039 1740 1093; baseline 0.001 -14"><span class='ocrx_word' id='word_1_116' title='bbox 309 1039 589 1079; x_wconf 86' lang='lat' dir='ltr'>condicionem</span> <span class='ocrx_word' id='word_1_117' title='bbox 613 1041 731 1092; x_wconf 81' lang='lat' dir='ltr'>sequi</span> <span class='ocrx_word' id='word_1_118' title='bbox 755 1039 939 1090; x_wconf 77' lang='lat' dir='ltr'>debebat,</span> <span class='ocrx_word' id='word_1_119' title='bbox 973 1041 1067 1091; x_wconf 77' lang='lat' dir='ltr'>quia</span> <span class='ocrx_word' id='word_1_120' title='bbox 1103 1053 1154 1078; x_wconf 83' lang='lat' dir='ltr'>ex</span> <span class='ocrx_word' id='word_1_121' title='bbox 1186 1041 1257 1090; x_wconf 88' lang='lat' dir='ltr'>eis,</span> <span class='ocrx_word' id='word_1_122' title='bbox 1290 1041 1397 1079; x_wconf 88' lang='lat' dir='ltr'>inter</span> <span class='ocrx_word' id='word_1_123' title='bbox 1428 1053 1532 1093; x_wconf 87' lang='lat' dir='ltr'>quos</span> <span class='ocrx_word' id='word_1_124' title='bbox 1563 1053 1645 1080; x_wconf 93' lang='lat' dir='ltr'>non</span> <span class='ocrx_word' id='word_1_125' title='bbox 1677 1046 1740 1081; x_wconf 87' lang='lat' dir='ltr'>est</span> 
     </span>
     <span class='ocr_line' id='line_1_16' title="bbox 309 1097 1792 1149; baseline 0.001 -13"><span class='ocrx_word' id='word_1_126' title='bbox 309 1097 554 1148; x_wconf 84' lang='lat' dir='ltr'>conubium,</span> <span class='ocrx_word' id='word_1_127' title='bbox 609 1099 680 1149; x_wconf 90' lang='lat' dir='ltr'>qui</span> <span class='ocrx_word' id='word_1_128' title='bbox 724 1098 905 1136; x_wconf 84' lang='lat' dir='ltr'>nascitur</span> <span class='ocrx_word' id='word_1_129' title='bbox 950 1097 1038 1135; x_wconf 90' lang='lat' dir='ltr'>iure</span> <span class='ocrx_word' id='word_1_130' title='bbox 1086 1098 1269 1149; x_wconf 78' lang='lat' dir='ltr'>gentium</span> <span class='ocrx_word' id='word_1_131' title='bbox 1315 1099 1456 1137; x_wconf 85' lang='lat' dir='ltr'>matris</span> <span class='ocrx_word' id='word_1_132' title='bbox 1507 1097 1792 1142; x_wconf 76' lang='lat' dir='ltr'>condicioni45</span> 
     </span>
     <span class='ocr_line' id='line_1_17' title="bbox 309 1153 1739 1206; baseline 0 -12"><span class='ocrx_word' id='word_1_133' title='bbox 309 1154 478 1194; x_wconf 80' lang='lat' dir='ltr'>accedit.</span> <span class='ocrx_word' id='word_1_134' title='bbox 541 1166 623 1206; x_wconf 88' lang='lat' dir='ltr'>qua</span> <span class='ocrx_word' id='word_1_135' title='bbox 659 1159 776 1205; x_wconf 87' lang='lat' dir='ltr'>parte</span> <span class='ocrx_word' id='word_1_136' title='bbox 816 1159 954 1192; x_wconf 86' lang='lat' dir='ltr'>autem</span> <span class='ocrx_word' id='word_1_137' title='bbox 994 1153 1109 1193; x_wconf 79' lang='lat' dir='ltr'>iubet</span> <span class='ocrx_word' id='word_1_138' title='bbox 1152 1154 1221 1192; x_wconf 79' lang='lat' dir='ltr'>lex</span> <span class='ocrx_word' id='word_1_139' title='bbox 1257 1167 1309 1192; x_wconf 86' lang='lat' dir='ltr'>ex</span> <span class='ocrx_word' id='word_1_140' title='bbox 1352 1156 1442 1194; x_wconf 88' lang='lat' dir='ltr'>ciue</span> <span class='ocrx_word' id='word_1_141' title='bbox 1483 1156 1660 1194; x_wconf 88' lang='lat' dir='ltr'>Romano</span> <span class='ocrx_word' id='word_1_142' title='bbox 1699 1160 1739 1194; x_wconf 82' lang='lat' dir='ltr'>et</span> 
     </span>
     <span class='ocr_line' id='line_1_18' title="bbox 309 1211 1739 1264; baseline 0 -13"><span class='ocrx_word' id='word_1_143' title='bbox 309 1213 528 1264; x_wconf 81' lang='lat' dir='ltr'>peregrina</span> <span class='ocrx_word' id='word_1_144' title='bbox 566 1213 834 1263; x_wconf 82' lang='lat' dir='ltr'>peregrinum</span> <span class='ocrx_word' id='word_1_145' title='bbox 877 1212 1008 1261; x_wconf 86' lang='lat' dir='ltr'>nasci,</span> <span class='ocrx_word' id='word_1_146' title='bbox 1053 1222 1314 1262; x_wconf 84' lang='lat' dir='ltr'>superuacua</span> <span class='ocrx_word' id='word_1_147' title='bbox 1347 1211 1533 1260; x_wconf 82' lang='lat' dir='ltr'>uidetur;</span> <span class='ocrx_word' id='word_1_148' title='bbox 1571 1224 1666 1250; x_wconf 91' lang='lat' dir='ltr'>nam</span> <span class='ocrx_word' id='word_1_149' title='bbox 1698 1217 1739 1251; x_wconf 81' lang='lat' dir='ltr'>et</span> 
     </span>
     <span class='ocr_line' id='line_1_19' title="bbox 310 1268 1736 1320; baseline 0.001 -13"><span class='ocrx_word' id='word_1_150' title='bbox 310 1274 467 1308; x_wconf 87' lang='lat' dir='ltr'>remota</span> <span class='ocrx_word' id='word_1_151' title='bbox 517 1281 564 1308; x_wconf 88' lang='lat' dir='ltr'>ea</span> <span class='ocrx_word' id='word_1_152' title='bbox 606 1268 700 1320; x_wconf 79' lang='lat' dir='ltr'>lege</span> <span class='ocrx_word' id='word_1_153' title='bbox 739 1269 817 1307; x_wconf 88' lang='lat' dir='ltr'>hoe</span> <span class='ocrx_word' id='word_1_154' title='bbox 855 1269 1000 1320; x_wconf 90' lang='lat' dir='ltr'>utique</span> <span class='ocrx_word' id='word_1_155' title='bbox 1037 1269 1127 1307; x_wconf 87' lang='lat' dir='ltr'>iure</span> <span class='ocrx_word' id='word_1_156' title='bbox 1169 1269 1351 1320; x_wconf 81' lang='lat' dir='ltr'>gentium</span> <span class='ocrx_word' id='word_1_157' title='bbox 1380 1268 1386 1320; x_wconf 71' lang='lat' dir='ltr'>l</span> <span class='ocrx_word' id='word_1_158' title='bbox 1413 1269 1599 1307; x_wconf 79' lang='lat' dir='ltr'>futurum</span> <span class='ocrx_word' id='word_1_159' title='bbox 1637 1275 1736 1308; x_wconf 87' lang='lat' dir='ltr'>erat.</span> 
     </span>
     <span class='ocr_line' id='line_1_20' title="bbox 244 1322 1464 1377; baseline -0.002 -13"><span class='ocrx_word' id='word_1_160' title='bbox 244 1325 294 1364; x_wconf 83' lang='lat'>79</span> <span class='ocrx_word' id='word_1_161' title='bbox 312 1326 425 1365; x_wconf 89' lang='lat' dir='ltr'>Adeo</span> <span class='ocrx_word' id='word_1_162' title='bbox 467 1331 603 1366; x_wconf 88' lang='lat' dir='ltr'>autem</span> <span class='ocrx_word' id='word_1_163' title='bbox 637 1325 713 1364; x_wconf 82' lang='lat' dir='ltr'>hoc</span> <span class='ocrx_word' id='word_1_164' title='bbox 743 1327 798 1364; x_wconf 84' lang='lat' dir='ltr'>ita</span> <span class='ocrx_word' id='word_1_165' title='bbox 830 1330 904 1376; x_wconf 84' lang='lat' dir='ltr'>est,</span> <span class='ocrx_word' id='word_1_166' title='bbox 938 1329 983 1363; x_wconf 87' lang='lat' dir='ltr'>ut</span> <span class='ocrx_word' id='word_1_167' title='bbox 1011 1322 1464 1377; x_wconf 84' lang='lat' dir='ltr'>——l—</span> 
     </span>
    </p>
   </div>
   <div class='ocr_carea' id='block_1_3' title="bbox 1841 301 1892 3095">
    <p class='ocr_par' dir='ltr' id='par_1_3' title="bbox 1841 301 1892 3095">
     <span class='ocr_line' id='line_1_21' title="bbox 1841 301 1892 3095; baseline 0 0"><span class='ocrx_word' id='word_1_168' title='bbox 1841 301 1892 3095; x_wconf 95' lang='lat' dir='ltr'> </span> 
     </span>
    </p>
   </div>
   <div class='ocr_carea' id='block_1_4' title="bbox 956 664 1128 667">
    <p class='ocr_par' dir='ltr' id='par_1_4' title="bbox 956 664 1128 667">
     <span class='ocr_line' id='line_1_22' title="bbox 956 664 1128 667; baseline 0 0"><span class='ocrx_word' id='word_1_169' title='bbox 956 664 1128 667; x_wconf 95' lang='lat' dir='ltr'> </span> 
     </span>
    </p>
   </div>
   <div class='ocr_carea' id='block_1_5' title="bbox 1551 1406 1739 1410">
    <p class='ocr_par' dir='ltr' id='par_1_5' title="bbox 1551 1406 1739 1410">
     <span class='ocr_line' id='line_1_23' title="bbox 1551 1406 1739 1410; baseline 0 0"><span class='ocrx_word' id='word_1_170' title='bbox 1551 1406 1739 1410; x_wconf 95' lang='lat' dir='ltr'> </span> 
     </span>
    </p>
   </div>
   <div class='ocr_carea' id='block_1_6' title="bbox 1028 1396 1793 1491">
    <p class='ocr_par' dir='ltr' id='par_1_6' title="bbox 1028 1396 1793 1491">
     <span class='ocr_line' id='line_1_24' title="bbox 1276 1396 1793 1425; baseline 0.004 -2"><span class='ocrx_word' id='word_1_171' title='bbox 1276 1405 1547 1410; x_wconf 85' lang='lat'>——</span> <span class='ocrx_word' id='word_1_172' title='bbox 1753 1396 1793 1425; x_wconf 83' lang='lat'>20</span> 
     </span>
     <span class='ocr_line' id='line_1_25' title="bbox 1028 1436 1738 1491; baseline 0.003 -14"><span class='ocrx_word' id='word_1_173' title='bbox 1028 1451 1106 1477; x_wconf 68' lang='lat' dir='ltr'>non</span> <span class='ocrx_word' id='word_1_174' title='bbox 1139 1436 1146 1491; x_wconf 76' lang='grc' dir='ltr'>Ι</span> <span class='ocrx_word' id='word_1_175' title='bbox 1179 1437 1310 1478; x_wconf 88' lang='lat' dir='ltr'>solum</span> <span class='ocrx_word' id='word_1_176' title='bbox 1349 1444 1515 1478; x_wconf 77' lang='lat' dir='ltr'>exterae</span> <span class='ocrx_word' id='word_1_177' title='bbox 1553 1441 1738 1479; x_wconf 87' lang='lat' dir='ltr'>nationes</span> 
     </span>
    </p>
   </div>
   <div class='ocr_carea' id='block_1_7' title="bbox 245 1496 1794 1719">
    <p class='ocr_par' dir='ltr' id='par_1_7' title="bbox 312 1496 1738 1551">
     <span class='ocr_line' id='line_1_26' title="bbox 312 1496 1738 1551; baseline -0.002 -13"><span class='ocrx_word' id='word_1_178' title='bbox 312 1504 351 1539; x_wconf 85' lang='lat' dir='ltr'>et</span> <span class='ocrx_word' id='word_1_179' title='bbox 392 1503 558 1551; x_wconf 80' lang='lat' dir='ltr'>gentes,</span> <span class='ocrx_word' id='word_1_180' title='bbox 605 1497 679 1537; x_wconf 89' lang='lat' dir='ltr'>sed</span> <span class='ocrx_word' id='word_1_181' title='bbox 713 1499 834 1536; x_wconf 88' lang='lat' dir='ltr'>etiam</span> <span class='ocrx_word' id='word_1_182' title='bbox 866 1498 937 1548; x_wconf 87' lang='lat' dir='ltr'>qui</span> <span class='ocrx_word' id='word_1_183' title='bbox 968 1497 1098 1535; x_wconf 83' lang='lat' dir='ltr'>Latini</span> <span class='ocrx_word' id='word_1_184' title='bbox 1128 1497 1412 1545; x_wconf 85' lang='lat' dir='ltr'>nominantur3</span> <span class='ocrx_word' id='word_1_185' title='bbox 1447 1496 1521 1536; x_wconf 89' lang='lat' dir='ltr'>sed</span> <span class='ocrx_word' id='word_1_186' title='bbox 1553 1496 1605 1535; x_wconf 90' lang='lat' dir='ltr'>ad</span> <span class='ocrx_word' id='word_1_187' title='bbox 1637 1496 1738 1535; x_wconf 90' lang='lat' dir='ltr'>alios</span> 
     </span>
    </p>

    <p class='ocr_par' dir='ltr' id='par_1_8' title="bbox 245 1553 1740 1663">
     <span class='ocr_line' id='line_1_27' title="bbox 311 1553 1739 1606; baseline -0.002 -11"><span class='ocrx_word' id='word_1_188' title='bbox 311 1557 471 1596; x_wconf 84' lang='lat' dir='ltr'>Latinos</span> <span class='ocrx_word' id='word_1_189' title='bbox 505 1556 692 1606; x_wconf 81' lang='lat' dir='ltr'>pertinet,</span> <span class='ocrx_word' id='word_1_190' title='bbox 726 1556 798 1606; x_wconf 91' lang='lat' dir='ltr'>qui</span> <span class='ocrx_word' id='word_1_191' title='bbox 829 1555 1016 1605; x_wconf 78' lang='lat' dir='ltr'>proprIos</span> <span class='ocrx_word' id='word_1_192' title='bbox 1048 1553 1225 1605; x_wconf 87' lang='lat' dir='ltr'>populos</span> <span class='ocrx_word' id='word_1_193' title='bbox 1257 1554 1530 1605; x_wconf 87' lang='lat' dir='ltr'>propriasque</span> <span class='ocrx_word' id='word_1_194' title='bbox 1553 1555 1739 1593; x_wconf 84' lang='lat' dir='ltr'>ciuitates</span> 
     </span>
     <span class='ocr_line' id='line_1_28' title="bbox 245 1610 1740 1663; baseline 0 -13"><span class='ocrx_word' id='word_1_195' title='bbox 245 1612 296 1650; x_wconf 87' lang='lat'>80</span> <span class='ocrx_word' id='word_1_196' title='bbox 311 1614 522 1653; x_wconf 88' lang='lat' dir='ltr'>habebant</span> <span class='ocrx_word' id='word_1_197' title='bbox 553 1617 592 1651; x_wconf 83' lang='lat' dir='ltr'>et</span> <span class='ocrx_word' id='word_1_198' title='bbox 623 1616 740 1651; x_wconf 86' lang='lat' dir='ltr'>erant</span> <span class='ocrx_word' id='word_1_199' title='bbox 769 1612 1084 1663; x_wconf 82' lang='lat' dir='ltr'>peregrinorum</span> <span class='ocrx_word' id='word_1_200' title='bbox 1114 1622 1301 1649; x_wconf 86' lang='lat' dir='ltr'>numero.</span> <span class='ocrx_word' id='word_1_201' title='bbox 1334 1610 1488 1649; x_wconf 88' lang='lat' dir='ltr'>Eadem</span> <span class='ocrx_word' id='word_1_202' title='bbox 1509 1612 1666 1650; x_wconf 87' lang='lat' dir='ltr'>ratione</span> <span class='ocrx_word' id='word_1_203' title='bbox 1689 1623 1740 1650; x_wconf 85' lang='lat' dir='ltr'>ex</span> 
     </span>
    </p>

    <p class='ocr_par' dir='ltr' id='par_1_9' title="bbox 312 1666 1794 1719">
     <span class='ocr_line' id='line_1_29' title="bbox 312 1666 1794 1719; baseline 0 -10"><span class='ocrx_word' id='word_1_204' title='bbox 312 1671 512 1710; x_wconf 82' lang='lat' dir='ltr'>contrario</span> <span class='ocrx_word' id='word_1_205' title='bbox 558 1682 609 1707; x_wconf 80' lang='lat' dir='ltr'>ex</span> <span class='ocrx_word' id='word_1_206' title='bbox 646 1670 783 1707; x_wconf 84' lang='lat' dir='ltr'>Latino</span> <span class='ocrx_word' id='word_1_207' title='bbox 828 1672 867 1707; x_wconf 82' lang='lat' dir='ltr'>et</span> <span class='ocrx_word' id='word_1_208' title='bbox 904 1669 994 1705; x_wconf 84' lang='lat' dir='ltr'>ciue</span> <span class='ocrx_word' id='word_1_209' title='bbox 1032 1669 1232 1718; x_wconf 86' lang='lat' dir='ltr'>Romana,</span> <span class='ocrx_word' id='word_1_210' title='bbox 1278 1668 1367 1706; x_wconf 91' lang='lat' dir='ltr'>siue</span> <span class='ocrx_word' id='word_1_211' title='bbox 1405 1679 1457 1706; x_wconf 80' lang='lat' dir='ltr'>ex</span> <span class='ocrx_word' id='word_1_212' title='bbox 1493 1666 1584 1719; x_wconf 81' lang='lat' dir='ltr'>lege</span> <span class='ocrx_word' id='word_1_213' title='bbox 1624 1667 1739 1707; x_wconf 85' lang='lat' dir='ltr'>Aelia</span> <span class='ocrx_word' id='word_1_214' title='bbox 1756 1682 1794 1711; x_wconf 75' lang='lat'>25</span> 
     </span>
    </p>
   </div>
   <div class='ocr_carea' id='block_1_8' title="bbox 259 1768 1742 2769">
    <p class='ocr_par' dir='ltr' id='par_1_10' title="bbox 259 1768 1742 2769">
     <span class='ocr_line' id='line_1_30' title="bbox 404 1768 1741 1813; baseline 0 -11"><span class='ocrx_word' id='word_1_215' title='bbox 404 1776 415 1802; x_wconf 75' lang='lat'>⁴</span> <span class='ocrx_word' id='word_1_216' title='bbox 454 1772 617 1812; x_wconf 78' lang='lat' dir='ltr'>nupserit</span> <span class='ocrx_word' id='word_1_217' title='bbox 643 1768 647 1813; x_wconf 90' lang='grc' dir='ltr'>Ι</span> <span class='ocrx_word' id='word_1_218' title='bbox 676 1771 741 1801; x_wconf 89' lang='lat' dir='ltr'>erit</span> <span class='ocrx_word' id='word_1_219' title='bbox 770 1770 999 1810; x_wconf 76' lang='lat' dir='ltr'>peregrinum</span> <span class='ocrx_word' id='word_1_220' title='bbox 1030 1768 1070 1808; x_wconf 79' lang='lat' dir='ltr'>C3</span> <span class='ocrx_word' id='word_1_221' title='bbox 1101 1772 1211 1808; x_wconf 80' lang='lat' dir='ltr'>possis</span> <span class='ocrx_word' id='word_1_222' title='bbox 1243 1771 1346 1800; x_wconf 80' lang='lat' dir='ltr'>etiam</span> <span class='ocrx_word' id='word_1_223' title='bbox 1376 1771 1551 1811; x_wconf 82' lang='lat' dir='ltr'>nupserit,</span> <span class='ocrx_word' id='word_1_224' title='bbox 1585 1772 1741 1812; x_wconf 80' lang='lat' dir='ltr'>peregri-</span> 
     </span>
     <span class='ocr_line' id='line_1_31' title="bbox 312 1813 1740 1858; baseline 0 -9"><span class='ocrx_word' id='word_1_225' title='bbox 312 1827 378 1851; x_wconf 86' lang='lat' dir='ltr'>nus</span> <span class='ocrx_word' id='word_1_226' title='bbox 403 1826 487 1850; x_wconf 86' lang='lat' dir='ltr'>sane</span> <span class='ocrx_word' id='word_1_227' title='bbox 512 1818 723 1857; x_wconf 77' lang='lat' dir='ltr'>procreatur</span> <span class='ocrx_word' id='word_1_228' title='bbox 740 1818 903 1854; x_wconf 76' lang='lat' dir='ltr'>temptare</span> <span class='ocrx_word' id='word_1_229' title='bbox 935 1818 948 1850; x_wconf 84' lang='grc'>11</span> <span class='ocrx_word' id='word_1_230' title='bbox 982 1816 999 1845; x_wconf 74' lang='lat' dir='ltr'>t.</span> <span class='ocrx_word' id='word_1_231' title='bbox 1027 1814 1209 1846; x_wconf 86' lang='lat' dir='ltr'>Hadriano</span> <span class='ocrx_word' id='word_1_232' title='bbox 1232 1814 1411 1856; x_wconf 81' lang='lat' dir='ltr'>Goeschen,</span> <span class='ocrx_word' id='word_1_233' title='bbox 1436 1813 1667 1858; x_wconf 63' lang='lat' dir='ltr'>hadrianolg‘?</span> <span class='ocrx_word' id='word_1_234' title='bbox 1706 1816 1740 1858; x_wconf 91' lang='lat' dir='ltr'>C,</span> 
     </span>
     <span class='ocr_line' id='line_1_32' title="bbox 259 1860 1742 1903; baseline -0.001 -8"><span class='ocrx_word' id='word_1_235' title='bbox 259 1879 265 1884; x_wconf 84' lang='lat'><em>-</em></span> <span class='ocrx_word' id='word_1_236' title='bbox 311 1863 398 1903; x_wconf 79' lang='lat' dir='ltr'>conf.</span> <span class='ocrx_word' id='word_1_237' title='bbox 441 1862 480 1894; x_wconf 81' lang='lat' dir='ltr'>Ca</span> <span class='ocrx_word' id='word_1_238' title='bbox 512 1872 593 1902; x_wconf 68' lang='lat' dir='ltr'>pay.</span> <span class='ocrx_word' id='word_1_239' title='bbox 617 1865 683 1894; x_wconf 78' lang='lat'>500</span> <span class='ocrx_word' id='word_1_240' title='bbox 715 1861 730 1903; x_wconf 82' lang='grc'>11</span> <span class='ocrx_word' id='word_1_241' title='bbox 765 1864 780 1891; x_wconf 85' lang='lat'><strong>7</strong></span> <span class='ocrx_word' id='word_1_242' title='bbox 813 1861 1116 1902; x_wconf 85' lang='lat' dir='ltr'>peregrinumque</span> <span class='ocrx_word' id='word_1_243' title='bbox 1152 1860 1338 1902; x_wconf 79' lang='lat' dir='ltr'>Goeschen,</span> <span class='ocrx_word' id='word_1_244' title='bbox 1378 1862 1642 1902; x_wconf 84' lang='lat' dir='ltr'>peregrinoque</span> <span class='ocrx_word' id='word_1_245' title='bbox 1681 1865 1742 1894; x_wconf 83' lang='lat' dir='ltr'>aut</span> 
     </span>
     <span class='ocr_line' id='line_1_33' title="bbox 313 1906 1741 1951; baseline -0.001 -11"><span class='ocrx_word' id='word_1_246' title='bbox 313 1909 576 1951; x_wconf 78' lang='lat' dir='ltr'>peregrinuque</span> <span class='ocrx_word' id='word_1_247' title='bbox 619 1907 643 1939; x_wconf 89' lang='lat' dir='ltr'><strong><em>C</em></strong></span> <span class='ocrx_word' id='word_1_248' title='bbox 675 1907 689 1947; x_wconf 78' lang='lat' dir='ltr'>ll</span> <span class='ocrx_word' id='word_1_249' title='bbox 731 1909 838 1938; x_wconf 79' lang='lat'><strong>7-—40</strong></span> <span class='ocrx_word' id='word_1_250' title='bbox 881 1907 972 1937; x_wconf 82' lang='lat' dir='ltr'>locus</span> <span class='ocrx_word' id='word_1_251' title='bbox 1013 1906 1098 1937; x_wconf 75' lang='lat' dir='ltr'>lectu</span> <span class='ocrx_word' id='word_1_252' title='bbox 1138 1906 1356 1947; x_wconf 75' lang='lat' dir='ltr'>difficillimus</span> <span class='ocrx_word' id='word_1_253' title='bbox 1397 1906 1494 1946; x_wconf 82' lang='lat' dir='ltr'>(conf.</span> <span class='ocrx_word' id='word_1_254' title='bbox 1530 1907 1599 1947; x_wconf 76' lang='lat' dir='ltr'>Cas)</span> <span class='ocrx_word' id='word_1_255' title='bbox 1639 1909 1741 1939; x_wconf 77' lang='lat' dir='ltr'>uario</span> 
     </span>
     <span class='ocr_line' id='line_1_34' title="bbox 311 1952 1742 1994; baseline -0.001 -8"><span class='ocrx_word' id='word_1_256' title='bbox 311 1956 408 1987; x_wconf 83' lang='lat' dir='ltr'>modo</span> <span class='ocrx_word' id='word_1_257' title='bbox 438 1955 590 1993; x_wconf 81' lang='lat' dir='ltr'>suppleri</span> <span class='ocrx_word' id='word_1_258' title='bbox 617 1956 742 1994; x_wconf 73' lang='lat' dir='ltr'>potest3</span> <span class='ocrx_word' id='word_1_259' title='bbox 781 1961 840 1984; x_wconf 85' lang='lat' dir='ltr'>nec</span> <span class='ocrx_word' id='word_1_260' title='bbox 871 1955 984 1984; x_wconf 84' lang='lat' dir='ltr'>tamen</span> <span class='ocrx_word' id='word_1_261' title='bbox 1013 1952 1122 1982; x_wconf 76' lang='lat' dir='ltr'>ullum</span> <span class='ocrx_word' id='word_1_262' title='bbox 1161 1952 1431 1990; x_wconf 76' lang='lat' dir='ltr'>supplementum</span> <span class='ocrx_word' id='word_1_263' title='bbox 1465 1954 1549 1984; x_wconf 77' lang='lat' dir='ltr'>satis</span> <span class='ocrx_word' id='word_1_264' title='bbox 1584 1955 1662 1992; x_wconf 80' lang='lat' dir='ltr'>apte</span> <span class='ocrx_word' id='word_1_265' title='bbox 1697 1954 1742 1985; x_wconf 84' lang='lat' dir='ltr'>ad</span> 
     </span>
     <span class='ocr_line' id='line_1_35' title="bbox 311 1997 1739 2040; baseline -0.001 -9"><span class='ocrx_word' id='word_1_266' title='bbox 311 2001 535 2040; x_wconf 76' lang='lat' dir='ltr'>reliquiarum</span> <span class='ocrx_word' id='word_1_267' title='bbox 573 2000 713 2030; x_wconf 78' lang='lat' dir='ltr'>umbras</span> <span class='ocrx_word' id='word_1_268' title='bbox 753 1999 926 2038; x_wconf 80' lang='lat' dir='ltr'>quadrare</span> <span class='ocrx_word' id='word_1_269' title='bbox 965 1997 1156 2028; x_wconf 79' lang='lat' dir='ltr'>uidebatur.</span> <span class='ocrx_word' id='word_1_270' title='bbox 1213 1997 1388 2029; x_wconf 79' lang='lat' dir='ltr'>Sententia</span> <span class='ocrx_word' id='word_1_271' title='bbox 1426 1997 1499 2037; x_wconf 80' lang='lat' dir='ltr'>fere</span> <span class='ocrx_word' id='word_1_272' title='bbox 1538 1998 1621 2030; x_wconf 83' lang='lat' dir='ltr'>haec</span> <span class='ocrx_word' id='word_1_273' title='bbox 1658 1998 1739 2038; x_wconf 80' lang='lat' dir='ltr'>suit:</span> 
     </span>
     <span class='ocr_line' id='line_1_36' title="bbox 313 2042 1740 2084; baseline -0.003 -6"><span class='ocrx_word' id='word_1_274' title='bbox 313 2045 431 2084; x_wconf 78' lang='lat' dir='ltr'>Quod</span> <span class='ocrx_word' id='word_1_275' title='bbox 449 2047 587 2078; x_wconf 83' lang='lat' dir='ltr'>autem</span> <span class='ocrx_word' id='word_1_276' title='bbox 605 2044 788 2076; x_wconf 76' lang='lat' dir='ltr'>diximus</span> <span class='ocrx_word' id='word_1_277' title='bbox 818 2044 847 2083; x_wconf 53' lang='grc' dir='ltr'>(ξ</span> <span class='ocrx_word' id='word_1_278' title='bbox 866 2044 920 2081; x_wconf 83' lang='grc'>75)</span> <span class='ocrx_word' id='word_1_279' title='bbox 945 2042 1057 2074; x_wconf 80' lang='lat' dir='ltr'>inter</span> <span class='ocrx_word' id='word_1_280' title='bbox 1080 2042 1214 2074; x_wconf 83' lang='lat' dir='ltr'>ciuem</span> <span class='ocrx_word' id='word_1_281' title='bbox 1230 2043 1457 2075; x_wconf 83' lang='lat' dir='ltr'>Romanam</span> <span class='ocrx_word' id='word_1_282' title='bbox 1473 2044 1740 2083; x_wconf 78' lang='lat' dir='ltr'>peregrinum-</span> 
     </span>
     <span class='ocr_line' id='line_1_37' title="bbox 313 2088 1740 2131; baseline -0.003 -7"><span class='ocrx_word' id='word_1_283' title='bbox 313 2100 392 2131; x_wconf 89' lang='lat' dir='ltr'>que</span> <span class='ocrx_word' id='word_1_284' title='bbox 427 2094 599 2122; x_wconf 75' lang='lat' dir='ltr'>contracto</span> <span class='ocrx_word' id='word_1_285' title='bbox 637 2091 866 2121; x_wconf 81' lang='lat' dir='ltr'>matrimonio</span> <span class='ocrx_word' id='word_1_286' title='bbox 898 2098 978 2120; x_wconf 86' lang='lat' dir='ltr'>eum</span> <span class='ocrx_word' id='word_1_287' title='bbox 1019 2088 1094 2128; x_wconf 65' lang='lat' dir='ltr'>[pro</span> <span class='ocrx_word' id='word_1_288' title='bbox 1129 2089 1179 2119; x_wconf 75' lang='lat' dir='ltr'>his</span> <span class='ocrx_word' id='word_1_289' title='bbox 1211 2089 1318 2119; x_wconf 69' lang='lat' dir='ltr'>tribus</span> <span class='ocrx_word' id='word_1_290' title='bbox 1347 2090 1520 2120; x_wconf 78' lang='lat' dir='ltr'>uocabulis</span> <span class='ocrx_word' id='word_1_291' title='bbox 1555 2091 1740 2121; x_wconf 76' lang='lat' dir='ltr'>Mommsen</span> 
     </span>
     <span class='ocr_line' id='line_1_38' title="bbox 314 2134 1739 2174; baseline -0.001 -6"><span class='ocrx_word' id='word_1_292' title='bbox 314 2138 443 2169; x_wconf 77' lang='lat' dir='ltr'>mauult</span> <span class='ocrx_word' id='word_1_293' title='bbox 470 2138 541 2167; x_wconf 65' lang='lat' dir='ltr'>nisi</span> <span class='ocrx_word' id='word_1_294' title='bbox 569 2135 769 2168; x_wconf 79' lang='lat' dir='ltr'>conubium</span> <span class='ocrx_word' id='word_1_295' title='bbox 795 2134 852 2174; x_wconf 83' lang='lat' dir='ltr'>sit]</span> <span class='ocrx_word' id='word_1_296' title='bbox 892 2134 953 2174; x_wconf 87' lang='lat' dir='ltr'>qui</span> <span class='ocrx_word' id='word_1_297' title='bbox 987 2134 1187 2172; x_wconf 80' lang='lat' dir='ltr'>nascitur,</span> <span class='ocrx_word' id='word_1_298' title='bbox 1222 2134 1485 2172; x_wconf 81' lang='lat' dir='ltr'>peregrinum</span> <span class='ocrx_word' id='word_1_299' title='bbox 1516 2143 1619 2174; x_wconf 79' lang='lat' dir='ltr'>esse,</span> <span class='ocrx_word' id='word_1_300' title='bbox 1654 2135 1739 2174; x_wconf 84' lang='lat' dir='ltr'>lege</span> 
     </span>
     <span class='ocr_line' id='line_1_39' title="bbox 313 2178 1740 2223; baseline -0.004 -7"><span class='ocrx_word' id='word_1_301' title='bbox 313 2182 488 2216; x_wconf 77' lang='lat' dir='ltr'>Minicia</span> <span class='ocrx_word' id='word_1_302' title='bbox 513 2183 683 2222; x_wconf 80' lang='lat' dir='ltr'>cauetur,</span> <span class='ocrx_word' id='word_1_303' title='bbox 713 2179 799 2223; x_wconf 89' lang='lat' dir='ltr'>(qua</span> <span class='ocrx_word' id='word_1_304' title='bbox 827 2180 902 2220; x_wconf 78' lang='lat' dir='ltr'>lege</span> <span class='ocrx_word' id='word_1_305' title='bbox 926 2178 1105 2221; x_wconf 72' lang='lat' dir='ltr'>effectum)</span> <span class='ocrx_word' id='word_1_306' title='bbox 1131 2181 1206 2218; x_wconf 78' lang='lat' dir='ltr'>est,</span> <span class='ocrx_word' id='word_1_307' title='bbox 1238 2180 1286 2210; x_wconf 81' lang='lat' dir='ltr'>ut</span> <span class='ocrx_word' id='word_1_308' title='bbox 1310 2182 1347 2210; x_wconf 81' lang='lat' dir='ltr'>si</span> <span class='ocrx_word' id='word_1_309' title='bbox 1372 2182 1626 2211; x_wconf 75' lang='lat' dir='ltr'>matrimonium</span> <span class='ocrx_word' id='word_1_310' title='bbox 1651 2181 1740 2212; x_wconf 74' lang='lat' dir='ltr'>inter</span> 
     </span>
     <span class='ocr_line' id='line_1_40' title="bbox 314 2225 1740 2267; baseline -0.002 -7"><span class='ocrx_word' id='word_1_311' title='bbox 314 2230 412 2260; x_wconf 85' lang='lat' dir='ltr'>ciues</span> <span class='ocrx_word' id='word_1_312' title='bbox 431 2228 606 2259; x_wconf 83' lang='lat' dir='ltr'>Romanos</span> <span class='ocrx_word' id='word_1_313' title='bbox 631 2227 912 2267; x_wconf 70' lang='lat' dir='ltr'>peregrinosque</span> <span class='ocrx_word' id='word_1_314' title='bbox 938 2234 1007 2256; x_wconf 89' lang='lat' dir='ltr'>non</span> <span class='ocrx_word' id='word_1_315' title='bbox 1036 2225 1295 2256; x_wconf 79' lang='lat' dir='ltr'>interueniente</span> <span class='ocrx_word' id='word_1_316' title='bbox 1320 2225 1477 2257; x_wconf 87' lang='lat' dir='ltr'>conubio</span> <span class='ocrx_word' id='word_1_317' title='bbox 1497 2225 1740 2266; x_wconf 84' lang='lat' dir='ltr'>contrahatur,</span> 
     </span>
     <span class='ocr_line' id='line_1_41' title="bbox 314 2270 1742 2315; baseline -0.001 -10"><span class='ocrx_word' id='word_1_318' title='bbox 314 2274 344 2305; x_wconf 84' lang='lat' dir='ltr'>is</span> <span class='ocrx_word' id='word_1_319' title='bbox 361 2274 423 2315; x_wconf 88' lang='lat' dir='ltr'>qui</span> <span class='ocrx_word' id='word_1_320' title='bbox 446 2272 604 2304; x_wconf 81' lang='lat' dir='ltr'>nascitur</span> <span class='ocrx_word' id='word_1_321' title='bbox 629 2271 805 2312; x_wconf 73' lang='lat' dir='ltr'>peregrini</span> <span class='ocrx_word' id='word_1_322' title='bbox 830 2271 1016 2309; x_wconf 68' lang='lat' dir='ltr'>parentis</span> <span class='ocrx_word' id='word_1_323' title='bbox 1042 2270 1328 2303; x_wconf 81' lang='lat' dir='ltr'>condicionem</span> <span class='ocrx_word' id='word_1_324' title='bbox 1352 2273 1534 2313; x_wconf 84' lang='lat' dir='ltr'>sequatur.</span> <span class='ocrx_word' id='word_1_325' title='bbox 1572 2271 1686 2304; x_wconf 81' lang='lat' dir='ltr'>Seckel</span> <span class='ocrx_word' id='word_1_326' title='bbox 1710 2274 1742 2304; x_wconf 80' lang='lat' dir='ltr'>et</span> 
     </span>
     <span class='ocr_line' id='line_1_42' title="bbox 318 2316 1739 2358; baseline -0.002 -7"><span class='ocrx_word' id='word_1_327' title='bbox 318 2320 462 2350; x_wconf 67' lang='lat' dir='ltr'>Ix&#39;uebler</span> <span class='ocrx_word' id='word_1_328' title='bbox 481 2321 624 2357; x_wconf 80' lang='lat' dir='ltr'>propter</span> <span class='ocrx_word' id='word_1_329' title='bbox 647 2318 753 2348; x_wconf 82' lang='lat' dir='ltr'>uerba</span> <span class='ocrx_word' id='word_1_330' title='bbox 777 2326 809 2347; x_wconf 81' lang='lat' dir='ltr'>u.</span> <span class='ocrx_word' id='word_1_331' title='bbox 837 2318 876 2346; x_wconf 73' lang='lat'>42</span> <span class='ocrx_word' id='word_1_332' title='bbox 902 2316 963 2347; x_wconf 87' lang='lat' dir='ltr'>sed</span> <span class='ocrx_word' id='word_1_333' title='bbox 990 2316 1057 2347; x_wconf 84' lang='lat' dir='ltr'>hoe</span> <span class='ocrx_word' id='word_1_334' title='bbox 1084 2326 1128 2347; x_wconf 90' lang='lat' dir='ltr'>m.</span> <span class='ocrx_word' id='word_1_335' title='bbox 1156 2326 1242 2348; x_wconf 85' lang='lat' dir='ltr'>casu</span> <span class='ocrx_word' id='word_1_336' title='bbox 1273 2318 1358 2348; x_wconf 79' lang='lat' dir='ltr'>talia</span> <span class='ocrx_word' id='word_1_337' title='bbox 1383 2319 1562 2356; x_wconf 79' lang='lat' dir='ltr'>temptant:</span> <span class='ocrx_word' id='word_1_338' title='bbox 1587 2316 1683 2358; x_wconf 88' lang='lat' dir='ltr'>quod</span> <span class='ocrx_word' id='word_1_339' title='bbox 1709 2325 1739 2348; x_wconf 91' lang='lat' dir='ltr'>a.</span> 
     </span>
     <span class='ocr_line' id='line_1_43' title="bbox 316 2361 1740 2403; baseline -0.002 -7"><span class='ocrx_word' id='word_1_340' title='bbox 316 2365 471 2396; x_wconf 79' lang='lat' dir='ltr'>diximus</span> <span class='ocrx_word' id='word_1_341' title='bbox 497 2364 588 2394; x_wconf 81' lang='lat' dir='ltr'>inter</span> <span class='ocrx_word' id='word_1_342' title='bbox 605 2363 720 2393; x_wconf 81' lang='lat' dir='ltr'>ciuem</span> <span class='ocrx_word' id='word_1_343' title='bbox 740 2362 940 2393; x_wconf 76' lang='lat' dir='ltr'>Romanum</span> <span class='ocrx_word' id='word_1_344' title='bbox 959 2363 1266 2403; x_wconf 69' lang='lat' dir='ltr'>peregrinamque,</span> <span class='ocrx_word' id='word_1_345' title='bbox 1293 2363 1360 2393; x_wconf 89' lang='lat' dir='ltr'>nisi</span> <span class='ocrx_word' id='word_1_346' title='bbox 1379 2361 1575 2394; x_wconf 90' lang='lat' dir='ltr'>conubium</span> <span class='ocrx_word' id='word_1_347' title='bbox 1599 2363 1655 2403; x_wconf 86' lang='lat' dir='ltr'>sit,</span> <span class='ocrx_word' id='word_1_348' title='bbox 1679 2363 1740 2403; x_wconf 89' lang='lat' dir='ltr'>qui</span> 
     </span>
     <span class='ocr_line' id='line_1_44' title="bbox 316 2407 1740 2450; baseline -0.001 -9"><span class='ocrx_word' id='word_1_349' title='bbox 316 2410 474 2441; x_wconf 72' lang='lat' dir='ltr'>nascitur</span> <span class='ocrx_word' id='word_1_350' title='bbox 491 2409 716 2450; x_wconf 76' lang='lat' dir='ltr'>peregrinum</span> <span class='ocrx_word' id='word_1_351' title='bbox 737 2416 825 2449; x_wconf 80' lang='lat' dir='ltr'>esse,</span> <span class='ocrx_word' id='word_1_352' title='bbox 839 2407 858 2438; x_wconf 93' lang='lat' dir='ltr'>l.</span> <span class='ocrx_word' id='word_1_353' title='bbox 877 2408 918 2439; x_wconf 87' lang='lat' dir='ltr'>M.</span> <span class='ocrx_word' id='word_1_354' title='bbox 933 2409 1091 2447; x_wconf 76' lang='lat' dir='ltr'>cauetur,</span> <span class='ocrx_word' id='word_1_355' title='bbox 1110 2410 1149 2439; x_wconf 84' lang='lat' dir='ltr'>ut</span> <span class='ocrx_word' id='word_1_356' title='bbox 1167 2409 1196 2440; x_wconf 86' lang='lat' dir='ltr'>is</span> <span class='ocrx_word' id='word_1_357' title='bbox 1215 2407 1360 2449; x_wconf 86' lang='lat' dir='ltr'>quidem</span> <span class='ocrx_word' id='word_1_358' title='bbox 1379 2407 1565 2440; x_wconf 81' lang='lat' dir='ltr'>deterioris</span> <span class='ocrx_word' id='word_1_359' title='bbox 1583 2409 1740 2448; x_wconf 76' lang='lat' dir='ltr'>parentis</span> 
     </span>
     <span class='ocr_line' id='line_1_45' title="bbox 316 2451 1742 2496; baseline -0.001 -11"><span class='ocrx_word' id='word_1_360' title='bbox 316 2456 560 2487; x_wconf 76' lang='lat' dir='ltr'>condicionem</span> <span class='ocrx_word' id='word_1_361' title='bbox 593 2456 772 2494; x_wconf 78' lang='lat' dir='ltr'>sequatur.</span> <span class='ocrx_word' id='word_1_362' title='bbox 798 2451 809 2496; x_wconf 77' lang='lat' dir='ltr'>[l</span> <span class='ocrx_word' id='word_1_363' title='bbox 834 2455 875 2483; x_wconf 70' lang='lat'>42</span> <span class='ocrx_word' id='word_1_364' title='bbox 908 2452 975 2484; x_wconf 81' lang='lat' dir='ltr'>hoc</span> <span class='ocrx_word' id='word_1_365' title='bbox 1001 2454 1155 2484; x_wconf 76' lang='lat' dir='ltr'>maxime</span> <span class='ocrx_word' id='word_1_366' title='bbox 1184 2453 1223 2494; x_wconf 90' lang='lat' dir='ltr'>C;</span> <span class='ocrx_word' id='word_1_367' title='bbox 1249 2456 1404 2492; x_wconf 70' lang='lat' dir='ltr'>expectes</span> <span class='ocrx_word' id='word_1_368' title='bbox 1434 2453 1544 2485; x_wconf 85' lang='lat' dir='ltr'>altero</span> <span class='ocrx_word' id='word_1_369' title='bbox 1568 2455 1706 2484; x_wconf 87' lang='lat' dir='ltr'>tantum</span> <span class='ocrx_word' id='word_1_370' title='bbox 1729 2452 1742 2495; x_wconf 88' lang='grc' dir='ltr'>ΙΙ</span> 
     </span>
     <span class='ocr_line' id='line_1_46' title="bbox 318 2498 1742 2540; baseline -0.001 -9"><span class='ocrx_word' id='word_1_371' title='bbox 318 2504 357 2532; x_wconf 46' lang='lat' dir='ltr'>s15</span> <span class='ocrx_word' id='word_1_372' title='bbox 375 2500 574 2532; x_wconf 74' lang='lat' dir='ltr'>condicioni</span> <span class='ocrx_word' id='word_1_373' title='bbox 589 2500 750 2540; x_wconf 69' lang='lat' dir='ltr'>Ilollwegy,</span> <span class='ocrx_word' id='word_1_374' title='bbox 765 2498 975 2530; x_wconf 82' lang='lat' dir='ltr'>condicione</span> <span class='ocrx_word' id='word_1_375' title='bbox 992 2498 1038 2539; x_wconf 74' lang='grc' dir='ltr'>ΘΗ</span> <span class='ocrx_word' id='word_1_376' title='bbox 1052 2502 1062 2529; x_wconf 75' lang='lat' dir='ltr'>l</span> <span class='ocrx_word' id='word_1_377' title='bbox 1074 2501 1176 2530; x_wconf 77' lang='lat'>9-21</span> <span class='ocrx_word' id='word_1_378' title='bbox 1197 2499 1333 2539; x_wconf 76' lang='lat' dir='ltr'>lacuna,</span> <span class='ocrx_word' id='word_1_379' title='bbox 1350 2508 1436 2538; x_wconf 77' lang='lat' dir='ltr'>quae</span> <span class='ocrx_word' id='word_1_380' title='bbox 1453 2499 1499 2530; x_wconf 85' lang='lat' dir='ltr'>ita</span> <span class='ocrx_word' id='word_1_381' title='bbox 1512 2500 1567 2530; x_wconf 81' lang='lat' dir='ltr'>est</span> <span class='ocrx_word' id='word_1_382' title='bbox 1584 2500 1624 2530; x_wconf 86' lang='lat' dir='ltr'>ut</span> <span class='ocrx_word' id='word_1_383' title='bbox 1635 2499 1742 2531; x_wconf 85' lang='lat' dir='ltr'>uerba</span> 
     </span>
     <span class='ocr_line' id='line_1_47' title="bbox 317 2545 1738 2586; baseline -0.001 -9"><span class='ocrx_word' id='word_1_384' title='bbox 317 2548 441 2585; x_wconf 72' lang='lat' dir='ltr'>ercipit</span> <span class='ocrx_word' id='word_1_385' title='bbox 462 2546 557 2585; x_wconf 75' lang='lat' dir='ltr'>(conf.</span> <span class='ocrx_word' id='word_1_386' title='bbox 578 2545 663 2586; x_wconf 71' lang='lat' dir='ltr'>Cas),</span> <span class='ocrx_word' id='word_1_387' title='bbox 683 2547 731 2576; x_wconf 80' lang='lat' dir='ltr'>sic</span> <span class='ocrx_word' id='word_1_388' title='bbox 749 2545 820 2583; x_wconf 83' lang='lat' dir='ltr'>sere</span> <span class='ocrx_word' id='word_1_389' title='bbox 841 2545 885 2575; x_wconf 84' lang='lat' dir='ltr'>ad</span> <span class='ocrx_word' id='word_1_390' title='bbox 909 2553 1045 2575; x_wconf 83' lang='lat' dir='ltr'>sensum</span> <span class='ocrx_word' id='word_1_391' title='bbox 1069 2545 1221 2583; x_wconf 74' lang='lat' dir='ltr'>suppleri</span> <span class='ocrx_word' id='word_1_392' title='bbox 1242 2553 1342 2584; x_wconf 81' lang='lat' dir='ltr'>posse</span> <span class='ocrx_word' id='word_1_393' title='bbox 1361 2545 1567 2576; x_wconf 83' lang='lat' dir='ltr'>Mommseno</span> <span class='ocrx_word' id='word_1_394' title='bbox 1588 2545 1738 2576; x_wconf 69' lang='lat' dir='ltr'>uidetur:</span> 
     </span>
     <span class='ocr_line' id='line_1_48' title="bbox 317 2590 1742 2630; baseline -0.001 -7"><span class='ocrx_word' id='word_1_395' title='bbox 317 2592 429 2623; x_wconf 85' lang='lat' dir='ltr'>Adeo</span> <span class='ocrx_word' id='word_1_396' title='bbox 455 2592 593 2623; x_wconf 79' lang='lat' dir='ltr'>autem</span> <span class='ocrx_word' id='word_1_397' title='bbox 615 2591 693 2622; x_wconf 85' lang='lat' dir='ltr'>hoe</span> <span class='ocrx_word' id='word_1_398' title='bbox 716 2590 776 2622; x_wconf 85' lang='lat' dir='ltr'>ita</span> <span class='ocrx_word' id='word_1_399' title='bbox 800 2592 874 2628; x_wconf 82' lang='lat' dir='ltr'>est,</span> <span class='ocrx_word' id='word_1_400' title='bbox 897 2590 945 2621; x_wconf 79' lang='lat' dir='ltr'>ut</span> <span class='ocrx_word' id='word_1_401' title='bbox 968 2599 1018 2622; x_wconf 85' lang='lat' dir='ltr'>ex</span> <span class='ocrx_word' id='word_1_402' title='bbox 1041 2592 1119 2621; x_wconf 81' lang='lat' dir='ltr'>ciue</span> <span class='ocrx_word' id='word_1_403' title='bbox 1138 2590 1294 2622; x_wconf 81' lang='lat' dir='ltr'>Romano</span> <span class='ocrx_word' id='word_1_404' title='bbox 1313 2591 1346 2621; x_wconf 84' lang='lat' dir='ltr'>et</span> <span class='ocrx_word' id='word_1_405' title='bbox 1364 2590 1485 2621; x_wconf 85' lang='lat' dir='ltr'>Latina</span> <span class='ocrx_word' id='word_1_406' title='bbox 1503 2590 1564 2630; x_wconf 85' lang='lat' dir='ltr'>qui</span> <span class='ocrx_word' id='word_1_407' title='bbox 1582 2590 1742 2621; x_wconf 86' lang='lat' dir='ltr'>nascitur</span> 
     </span>
     <span class='ocr_line' id='line_1_49' title="bbox 321 2635 1741 2677; baseline -0.001 -10"><span class='ocrx_word' id='word_1_408' title='bbox 321 2638 462 2668; x_wconf 76' lang='lat' dir='ltr'>Latinus</span> <span class='ocrx_word' id='word_1_409' title='bbox 484 2638 659 2677; x_wconf 82' lang='lat' dir='ltr'>nascatur,</span> <span class='ocrx_word' id='word_1_410' title='bbox 678 2644 896 2677; x_wconf 84' lang='lat' dir='ltr'>quamquam</span> <span class='ocrx_word' id='word_1_411' title='bbox 923 2635 964 2667; x_wconf 84' lang='lat' dir='ltr'>ad</span> <span class='ocrx_word' id='word_1_412' title='bbox 991 2644 1065 2676; x_wconf 85' lang='lat' dir='ltr'>eos,</span> <span class='ocrx_word' id='word_1_413' title='bbox 1090 2636 1150 2676; x_wconf 87' lang='lat' dir='ltr'>qui</span> <span class='ocrx_word' id='word_1_414' title='bbox 1176 2635 1280 2667; x_wconf 89' lang='lat' dir='ltr'>hodie</span> <span class='ocrx_word' id='word_1_415' title='bbox 1299 2635 1409 2667; x_wconf 87' lang='lat' dir='ltr'>Latini</span> <span class='ocrx_word' id='word_1_416' title='bbox 1426 2635 1660 2677; x_wconf 84' lang='lat' dir='ltr'>appellantur,</span> <span class='ocrx_word' id='word_1_417' title='bbox 1684 2635 1741 2667; x_wconf 85' lang='lat' dir='ltr'>lex</span> 
     </span>
     <span class='ocr_line' id='line_1_50' title="bbox 319 2680 1740 2722; baseline -0.001 -9"><span class='ocrx_word' id='word_1_418' title='bbox 319 2683 456 2713; x_wconf 73' lang='lat' dir='ltr'>Minicia</span> <span class='ocrx_word' id='word_1_419' title='bbox 487 2691 555 2713; x_wconf 89' lang='lat' dir='ltr'>non</span> <span class='ocrx_word' id='word_1_420' title='bbox 586 2682 757 2722; x_wconf 81' lang='lat' dir='ltr'>pertinet;</span> <span class='ocrx_word' id='word_1_421' title='bbox 791 2690 872 2713; x_wconf 84' lang='lat' dir='ltr'>nam</span> <span class='ocrx_word' id='word_1_422' title='bbox 910 2682 1249 2722; x_wconf 74' lang='lat' dir='ltr'>comprehenduntur</span> <span class='ocrx_word' id='word_1_423' title='bbox 1287 2680 1431 2722; x_wconf 87' lang='lat' dir='ltr'>quidem</span> <span class='ocrx_word' id='word_1_424' title='bbox 1470 2681 1740 2722; x_wconf 83' lang='lat' dir='ltr'>peregrinorum</span> 
     </span>
     <span class='ocr_line' id='line_1_51' title="bbox 319 2725 1739 2769; baseline 0 -11"><span class='ocrx_word' id='word_1_425' title='bbox 319 2728 555 2769; x_wconf 83' lang='lat' dir='ltr'>appellatione</span> <span class='ocrx_word' id='word_1_426' title='bbox 574 2728 607 2758; x_wconf 92' lang='lat' dir='ltr'>in</span> <span class='ocrx_word' id='word_1_427' title='bbox 626 2736 666 2759; x_wconf 87' lang='lat' dir='ltr'>ea</span> <span class='ocrx_word' id='word_1_428' title='bbox 683 2728 757 2768; x_wconf 84' lang='lat' dir='ltr'>lege</span> <span class='ocrx_word' id='word_1_429' title='bbox 776 2736 847 2758; x_wconf 89' lang='lat' dir='ltr'>non</span> <span class='ocrx_word' id='word_1_430' title='bbox 861 2727 994 2759; x_wconf 77' lang='lat' dir='ltr'>solum</span> <span class='ocrx_word' id='word_1_431' title='bbox 1008 2726 1153 2769; x_wconf 79' lang='lat' dir='ltr'>etc.1123</span> <span class='ocrx_word' id='word_1_432' title='bbox 1169 2727 1333 2758; x_wconf 86' lang='lat' dir='ltr'>ciuitates</span> <span class='ocrx_word' id='word_1_433' title='bbox 1350 2726 1529 2764; x_wconf 58' lang='lat' dir='ltr'>Goeschm</span> <span class='ocrx_word' id='word_1_434' title='bbox 1544 2727 1689 2758; x_wconf 84' lang='lat' dir='ltr'>ciuitate</span> <span class='ocrx_word' id='word_1_435' title='bbox 1705 2725 1739 2758; x_wconf 87' lang='lat' dir='ltr'>C.</span> 
     </span>
    </p>
   </div>
  </div>
 </body>
</html>
