1918 3110
657 209 767 216 —
830 189 904 226 111
967 209 1081 217 „—
1342 189 1580 228 111542—44

150 313 435 353 sestertiorum
467 318 621 352 centum
654 312 809 352 milium
835 312 1016 364 plurisue
1047 313 1338 364 patrimonium
1359 314 1579 367 reliquerit,

150 376 191 410 et
220 370 438 422 pauciores
470 382 595 423 quam
626 375 709 409 tres
742 369 895 409 liberos
926 369 1113 420 habebit,
1147 371 1236 409 siue
1269 371 1302 409 is
1333 376 1579 411 testamento

150 428 254 466 facto
297 428 386 466 siue
425 429 614 467 intestato
654 431 841 466 mortuus
878 428 965 478 erit,
1010 427 1141 466 uirilis
1174 439 1270 478 pars
1302 433 1475 479 patrono
1508 429 1580 468 de-

150 485 312 524 beatur.
374 485 513 537 itaque
552 497 646 524 cum
685 496 815 523 unum
846 484 977 523 filium
1009 496 1190 524 unamue
1222 485 1347 523 filiam
1379 485 1579 525 heredem

148 541 366 594 reliquerit
396 541 592 593 libertus,
625 541 800 593 proinde
836 553 933 593 pars
972 540 1141 580 dimidia
1180 548 1353 594 patrono
1386 542 1577 594 debetur,
1596 552 1611 579 5

149 611 196 637 ac
227 600 260 637 si
282 599 369 638 sine
392 599 476 638 ullo
499 598 581 638 filio
604 598 740 637 filiaue
762 603 1014 647 moreretur3
1047 611 1141 637 cum
1162 611 1264 639 uero
1288 599 1392 638 duos
1417 599 1578 639 duasue

148 655 326 695 heredes
363 656 596 708 reliquerit,
638 656 756 694 tertia
793 667 890 707 pars
929 655 1129 705 debetur3
1169 657 1202 695 si
1242 662 1326 696 tres
1356 656 1577 709 relinquat,

148 712 365 765 repellitur
394 718 603 765 patronus.

83 770 132 808 43
263 771 307 809 ln
346 770 465 809 bonis
503 770 790 809 libertinarum
834 769 991 809 nullam
1037 771 1228 810 iniuriam
1273 772 1442 824 antiquo
1488 772 1578 811 iure

148 827 414 879 patiebantur
443 828 614 879 patroni.
678 839 771 866 cum
803 828 911 866 enim
939 828 1016 866 hae
1043 829 1083 866 in
1106 833 1373 880 patronorum
1397 830 1632 882 legitimam

146 884 278 923 tutela
309 890 468 936 essent,
505 897 586 924 non
626 884 745 923 aliter
784 884 941 924 scilicet
970 889 1262 925 testamentum
1295 886 1431 925 facere
1462 892 1579 938 pote-

145 946 238 980 rant
269 955 393 994 quam
431 946 604 993 patrono
643 946 823 981 auctore.
886 943 1025 994 itaque
1068 944 1156 982 siue
1195 948 1338 982 auctor
1368 943 1421 983 ad
1452 948 1579 983 testa-

147 1003 330 1038 mentum
362 999 599 1038 faciendum
630 997 644 1050 ΙΙ
673 999 805 1038 sactus
838 1004 929 1038 erat
964 1014 1667 1046 —-—-——-————pag.
1690 1008 1750 1036 437

654 1054 659 1109 1
694 1056 1579 1096 reliam—m—

627 1111 727 1167 lctus
787 1119 895 1164 erat,
957 1115 1200 1165 sequebatur
1249 1115 1480 1165 hereditas3
1543 1117 1632 1156 si⁴5

146 1182 245 1208 uero
278 1175 420 1210 auctor
447 1168 452 1224 Ι
480 1172 517 1210 ei
548 1171 675 1211 factus
707 1184 788 1210 non
821 1176 920 1223 erat,
954 1176 995 1210 et
1025 1173 1217 1212 intestata
1247 1172 1399 1213 liberta
1429 1174 1578 1213 morie-

145 1226 282 1280 batur,
316 1226 319 1280 Ι
354 1227 406 1267 ad
440 1251 486 1255 —

145 1284 462 1338 -perltinebat3
495 1297 572 1325 nec
602 1286 710 1325 enim
732 1286 846 1326 ullus
869 1285 963 1326 olim

145 1342 276 1393 possit
316 1347 537 1394 patronum
583 1355 605 1382 a
646 1343 765 1383 bonis
806 1343 978 1383 libertae
1008 1368 1395 1374 ———
1425 1344 1578 1398 relpel-

80 1400 128 1437 44-
147 1398 245 1438 lere.
308 1399 391 1439 Sed
422 1405 566 1451 postea
598 1400 665 1439 lex
696 1402 817 1453 Papia
849 1413 943 1441 cum
983 1407 1179 1454 quattuor
1217 1402 1446 1443 liberorum
1485 1405 1576 1443 iure
1591 1408 1630 1437 20

146 1455 359 1496 libertinas
405 1456 534 1496 tutela
579 1463 847 1509 patronorum
891 1459 1090 1499 liberaret
1135 1465 1175 1499 et
1221 1473 1268 1500 eo
1313 1460 1435 1500 modo
1481 1473 1578 1501 con-

145 1512 315 1553 cederet
357 1515 415 1554 eis
458 1516 579 1554 etiam
616 1516 704 1554 sine
748 1514 908 1569 tu}t0ris
954 1518 1194 1557 auctoritate
1241 1518 1411 1557 condere
1456 1522 1577 1557 testa—

144 1575 333 1622 mentum,
374 1573 598 1623 prospeoeit‚
632 1576 716 1625 {ut
760 1586 835 1624 pro
881 1586 1054 1613 numero
1100 1573 1336 1626 liberorum,
1383 1587 1479 1628 quos
1525 1576 1575 1614 Ζί-

144 1627 257 1668 berta
287 1630 426 1668 mortis
449 1626 631 1683 tempolre
655 1630 860 1682 habuerit,
891 1631 1024 1671 uirilis
1045 1643 1141 1684 pars
1163 1637 1334 1685 patrono
1358 1632 1564 1673 debeatur

148 1761 307 1772 ΛΑΜιν-ι,

237 1859 249 1888 4
291 1858 540 1890 sestertiorum
578 1858 674 1899 Insa,
711 1860 958 1891 sestertiorum
983 1858 1052 1892 m?
1093 1859 1133 1901 C;
1175 1869 1221 1892 an
1251 1861 1456 1894 sestertium
1493 1864 1577 1894 scri-

144 1900 312 1935 bendum?
351 1905 465 1943 ipsum
498 1903 623 1935 Gaium
649 1912 715 1943 per
744 1907 937 1944 scripturae
961 1907 1195 1946 compendium
1218 1915 1274 1943 Hs
1300 1908 1478 1947 scripsisse
1501 1910 1578 1940 ueri

145 1951 195 1981 est
229 1949 438 1981 simillimum
468 1948 483 1990 ΙΙ
517 1951 530 1981 4
573 1951 743 1990 suppleuit
779 1950 935 1983 Huschke
970 1953 1015 1983 ad
1053 1950 1153 1993 Insts,
1195 1961 1216 1983 a
1255 1953 1375 1991 quibus
1415 1952 1576 1994 plurisue

145 1995 254 2034 abest;
290 1995 349 2026 sed
376 1994 463 2035 conf.
498 1993 539 2026 Ca
570 1994 583 2035 ΙΙ
616 1995 755 2027 milium
783 1996 886 2036 Inst.,
920 1995 1069 2029 militis?
1100 1997 1125 2030 C
1155 1997 1169 2038 ΙΙ
1203 1999 1220 2029 3
1247 1998 1316 2029 erit
1344 1998 1383 2040 C,
1421 2003 1577 2039 expectes

146 2040 254 2072 fuerit
286 2038 300 2080 ΙΙ
334 2042 351 2072 4
388 2048 547 2072 unamue
584 2040 693 2072 filiam
734 2040 773 2082 C,
810 2041 968 2074 filiamue
1007 2043 1087 2076 Just.
1120 2042 1134 2083 ΙΙ
1167 2046 1185 2076 5
1223 2044 1375 2085 proinde
1415 2043 1440 2076 G
1475 2046 1574 2085 (conf.

148 2085 232 2126 Cas),
257 2085 408 2127 perinde
435 2086 516 2118 lust.
551 2085 566 2127 ss
600 2089 618 2117 6
644 2087 672 2118 si
710 2085 758 2119 C?
795 2086 892 2128 (conf.
923 2087 1012 2130 Cas),
1038 2089 1067 2120 si
1094 2091 1124 2121 is
1155 2089 1236 2121 Inst.
1268 2089 1281 2129 ΙΙ
1313 2091 1513 2122 moreretur
1540 2090 1574 2132 C,

144 2132 293 2162 testatus
334 2131 551 2163 decessisset
591 2132 843 2164 Institutionum
889 2135 1021 2166 codices
1061 2136 1204 2176 aliquot,
1251 2136 1311 2167 alii
1351 2137 1481 2168 codices
1521 2137 1575 2168 In·

143 2178 356 2208 stitutionwm
391 2177 580 2210 intestatus
616 2178 834 2210 decessisset
864 2179 878 2220 ΙΙ
909 2188 997 2212 uero
1026 2179 1067 2221 G,
1104 2189 1168 2213 om.
1204 2180 1286 2212 Inst.
1322 2181 1336 2222 ΙΙ
1371 2184 1387 2212 7
1423 2181 1577 2214 debetur

147 2222 328 2263 Goeschen,
353 2222 461 2254 debet
488 2221 513 2255 C
540 2223 553 2262 ss
582 2224 611 2255 si
641 2222 676 2265 C,
701 2225 867 2265 patrono;
900 2226 927 2257 si
961 2226 1039 2258 Inst.
1059 2226 1072 2267 ΙΙ
1091 2227 1244 2267 reliquat
1272 2225 1298 2259 C
1324 2227 1338 2267 ΙΙ
1367 2229 1499 2260 43-45
1526 2229 1574 2260 la—

143 2276 252 2299 cunae
276 2269 324 2300 sic
355 2269 399 2300 ad
423 2270 626 2300 seutentiam
651 2271 796 2309 exempli
813 2273 928 2311 qratia
950 2272 1103 2311 suppleri
1125 2275 1268 2312 possunt
1293 2273 1389 2313 (cous.
1409 2274 1574 2315 Krueqer,

146 2314 312 2345 Kritische
348 2314 515 2345 Versuche
543 2318 711 2354 pa9.152
737 2324 801 2355 seq.
839 2320 870 2348 et
902 2317 1086 2359 Huschke):
1124 2318 1267 2357 itaque
1304 2318 1393 2351 siue
1430 2321 1575 2352 auctor

144 2359 197 2391 ad
235 2360 530 2392 testamentum
569 2359 806 2393 faciendum
849 2361 853 2403 Ι
895 2362 1036 2396 faetus
1071 2364 1165 2405 erat,
1206 2365 1267 2396 aut
1304 2365 1373 2396 sibi
1411 2366 1573 2406 inputare

144 2404 310 2447 debebat,
349 2406 444 2446 quod
472 2405 577 2437 heres
602 2405 645 2437 ab
672 2415 713 2438 ea
750 2405 756 2450 Ι
794 2407 958 2440 relictus
983 2418 1055 2441 non
1081 2411 1172 2451 erat,
1210 2412 1272 2441 aut
1302 2411 1418 2451 ipsum
1452 2421 1493 2442 ex
1518 2413 1574 2443 te-

143 2452 339 2492 stamento,
376 2451 406 2483 si
437 2451 540 2482 heres
572 2450 617 2482 ab
649 2460 690 2484 ca
721 2451 891 2496 reliletus
923 2456 1029 2493 erat,
1066 2455 1303 2496 sequebatur
1327 2456 1539 2489 hereditas
1562 2455 1575 2499 ΙΙ

144 2498 275 2528 46-20
314 2496 400 2536 conf.
441 2495 499 2528 Cas
533 2496 546 2536 ΙΙ
579 2499 619 2528 47
655 2500 855 2537 prozimum
892 2504 969 2540 post
1005 2500 1051 2533 ad
1088 2502 1197 2533 locum
1232 2505 1377 2541 apparet
1412 2506 1472 2534 aut
1508 2512 1573 2544 pa-

143 2544 290 2574 tronum
327 2551 509 2581 occupasse
545 2546 604 2574 aut
639 2551 836 2586 pronomen,
873 2554 936 2586 quo
972 2547 1025 2578 hic
1054 2548 1308 2588 significaretur
1339 2547 1352 2588 ΙΙ
1387 2550 1426 2579 49
1453 2551 1574 2589 posset

144 2588 356 2627 Lachmann,
398 2588 513 2629 possit
556 2588 581 2620 C
617 2588 631 2629 ΙΙ
672 2592 802 2621 48-20
850 2591 937 2623 hanc
987 2592 1059 2632 sere
1111 2594 1314 2625 senteutiam
1365 2597 1573 2633 eoepressisse

143 2634 282 2665 uidetur
322 2633 443 2665 Gaius:
492 2642 569 2666 nee
610 2634 721 2667 enim
759 2636 871 2669 ullus
911 2637 1009 2670 olim
1050 2638 1107 2669 uel
1149 2638 1253 2670 heres
1292 2639 1351 2670 uel
1393 2639 1570 2672 bonorum

143 2687 330 2719 possessor
362 2682 453 2720 erat,
485 2681 545 2720 qui
576 2682 714 2719 posset
742 2684 963 2720 patronum
996 2692 1020 2716 a
1048 2684 1171 2717 bonis
1200 2684 1359 2716 libertae
1386 2686 1572 2718 intestatae

146 2724 345 2763 repellere
378 2725 392 2766 ΙΙ
426 2727 465 2756 23
499 2728 683 2768 prospexit
717 2736 744 2760 e.
774 2738 806 2768 9.
839 2730 1010 2768 suppleuit
1043 2729 1213 2762 Goeschen
1239 2728 1254 2769 Η
1286 2732 1326 2762 24
1352 2731 1439 2772 conf.
1467 2731 1519 2764 Css.
