1872 3095
938 167 984 194 XL

772 414 1154 468 APPENDIX

184 563 535 610 FRAGMENTA
581 563 1122 610 INTERPRETATIONIS
1171 561 1267 610 GAI
1313 562 1746 610 INSTITVTIONVM

280 642 840 689 AVGVSTODVNENSIA
876 643 952 689 AD
990 643 1398 695 RECENSIONEM
1434 643 1652 689 AEMILII

407 723 730 768 CHATELAIN
765 723 956 768 EDIDIT
992 723 1210 768 PAVLVS
1246 721 1533 768 KRVEGER.

298 857 456 898 Codicis
502 856 892 909 Augustodunensis
938 857 1012 908 2⁴,
1059 857 1131 910 qui
1181 859 1361 897 continet
1405 857 1587 897 Cassiani
1634 856 1752 896 Insti-

185 916 362 954 tutiones
385 927 407 953 a
430 913 597 953 librario
620 913 776 953 saeculi
792 914 862 953 VII
885 914 1072 965 scriptas,
1096 913 1293 953 nonnulla
1310 914 1406 953 folia
1433 915 1634 965 rescripta
1657 925 1750 954 esse

184 972 342 1024 primus
375 970 619 1010 obseruauit
648 970 755 1010 Guil.
778 970 889 1010 Libri
902 970 926 1022 ¹)
965 983 1042 1010 nec
1076 975 1214 1010 tamen
1244 970 1413 1010 uidetur
1443 972 1615 1022 eruisse,
1650 970 1752 1023 quid

184 1029 352 1080 antiqua
385 1029 590 1080 scriptura
619 1028 887 1067 contineatur.
947 1029 1126 1079 primum
1158 1039 1205 1066 ea
1238 1027 1290 1067 de
1320 1040 1365 1067 re
1395 1029 1586 1067 nuntium
1617 1027 1754 1067 attulit

185 1084 418 1136 Leopoldus
449 1083 661 1137 Delisle2);
703 1085 910 1123 nuntiauit
947 1085 1056 1123 enim
1091 1085 1158 1123 uir
1196 1084 1450 1124 clarissimus
1488 1085 1541 1124 ab
1578 1083 1751 1124 Aemilio

185 1141 393 1181 Chatelain
424 1142 465 1180 in
496 1141 592 1180 folio
617 1141 695 1180 400
728 1140 880 1180 codicis
909 1140 1298 1193 Augustodunensis
1330 1142 1465 1194 agnita
1496 1143 1599 1181 esse‘
1619 1140 1753 1180 uerba

186 1199 257 1238 Gai
296 1199 333 1249 4,
375 1199 427 1237 45
469 1196 576 1237 aliae
712 1196 889 1250 factum.
961 1197 1073 1237 unde
1119 1210 1215 1250 spes
1261 1203 1349 1237 orta
1387 1203 1452 1238 est
1486 1198 1559 1238 Gai
1595 1198 1752 1237 librum

185 1255 305 1294 nobis
350 1256 390 1294 in
432 1254 538 1294 foliis
577 1256 789 1306 rescriptis
828 1255 952 1294 huius
993 1254 1143 1294 codicis
1181 1260 1392 1294 seruatum
1431 1253 1576 1305 essess).
1646 1254 1752 1294 foliis

185 1317 321 1351 autem
353 1313 583 1351 accuratius
615 1312 856 1351 examinatis
888 1312 1080 1363 apparuit
1108 1310 1214 1350 falsa
1245 1323 1319 1362 spe
1354 1323 1429 1350 nos
1466 1311 1606 1350 elusos
1638 1323 1751 1351 esse:

185 1381 265 1408 non
288 1369 360 1407 Gai
383 1369 676 1419 Institutiones‚
700 1367 775 1407 sed
792 1367 1021 1407 earundem
1042 1368 1346 1407 Institutionum
1369 1368 1752 1420 Interpretationem

186 1426 417 1477 antiquiore
449 1425 600 1464 codicis
632 1426 837 1476 scriptura
867 1425 1066 1464 contineri
1097 1424 1309 1464 Chatelain
1340 1426 1518 1477 agnouit.

299 1482 559 1534 Quamquam
597 1482 722 1534 igitur
756 1482 939 1521 thesauri
977 1481 1029 1521 ab
1060 1482 1150 1533 ipso
1181 1482 1339 1521 inuenti
1369 1482 1596 1521 aestimatio
1626 1480 1754 1521 ualde

186 1538 397 1578 deminuta
419 1543 493 1590 est,
517 1538 729 1579 Chatelain
751 1538 803 1577 ab
825 1550 952 1590 opere
973 1539 1156 1577 instituto
1184 1551 1266 1578 non
1289 1538 1456 1591 destitit,
1489 1537 1564 1578 sed
1587 1550 1669 1590 qua
1692 1542 1755 1577 est

186 1597 271 1635 acie
303 1595 518 1635 oculorum
550 1600 590 1634 et
619 1599 706 1634 arte
737 1599 939 1634 vetustam
970 1596 1217 1646 scripturam
1250 1594 1503 1647 explicandi,
1542 1594 1753 1634 difficilem

184 1652 502 1704 taediosumque
532 1651 718 1691 laborem
748 1651 802 1690 ad
833 1652 956 1690 finem
988 1651 1195 1703 perduxit.
1248 1664 1296 1690 ac
1325 1664 1377 1691 ne
1407 1653 1448 1691 in
1479 1652 1557 1691 hoc
1583 1651 1753 1704 quidem

186 1709 385 1748 substitit:
417 1720 506 1747 rem
537 1710 669 1760 ipsam
701 1709 740 1747 in
773 1709 1112 1760 Interpretatione
1144 1710 1371 1760 expositam
1403 1708 1507 1748 adeo
1529 1708 1754 1748 adsecutus

187 1771 261 1816 est,
300 1771 346 1804 ut
375 1766 510 1804 hiatus
547 1770 763 1804 contextus
793 1764 1018 1817 plerosque
1055 1765 1245 1805 felicibus
1276 1766 1522 1805 coniecturis
1553 1765 1752 1817 expleret.

300 1824 357 1861 De
403 1821 542 1861 indole
580 1823 930 1874 Interpretationis
976 1822 1075 1861 alibi
1112 1820 1229 1874 eyi⁴);
1274 1823 1352 1862 hoc
1396 1822 1486 1862 loco
1524 1821 1576 1862 de
1613 1822 1755 1864 condi-

188 1881 303 1918 cione
348 1878 559 1930 soliorum,
607 1878 762 1931 quibus
799 1891 846 1918 ea
888 1883 1055 1918 seruata
1101 1884 1179 1930 est,
1227 1883 1268 1918 et
1304 1879 1356 1919 de
1395 1879 1570 1919 lectione
1611 1891 1754 1919 eorum

186 1947 319 1987 pauca
349 1935 659 1987 praemonenda
690 1940 798 1974 sunt.

302 1991 462 2032 Codicis
497 1992 887 2044 Augustodunensis
924 1991 1021 2031 folia
1058 1990 1251 2031 97—440
1298 1992 1351 2032 ad
1391 1993 1463 2032 Gai
1506 1993 1757 2044 Interpreta-

190 2050 338 2088 tionem
382 2050 610 2101 pertinent,
650 2055 867 2101 praeterea
906 2054 1101 2101 quattuor
1138 2049 1234 2088 folia
1271 2055 1390 2089 antea
1433 2049 1574 2088 furtim
1606 2048 1754 2101 ablata,

188 2107 268 2144 iam
305 2105 522 2157 redempta
566 2111 606 2145 et
643 2107 683 2145 in
722 2106 993 2146 Parisiensem
1030 2105 1324 2146 bibliothecam
1363 2106 1576 2158 publicam
1621 2110 1755 2146 trans-

190 2162 324 2212 lata-5).
374 2175 426 2202 ex
447 2163 509 2201 his
530 2163 624 2202 XIX
645 2162 750 2202 foliis
773 2161 931 2215 (folium
954 2164 1005 2201 98
1028 2162 1092 2202 bis
1123 2163 1379 2214 numeratur)
1411 2162 1507 2202 folia
1532 2163 1689 2201 403-4
1706 2164 1753 2201 10

189 2231 263 2271 pro
294 2224 411 2271 parte
441 2219 523 2272 legi
554 2224 746 2271 possunt3
778 2221 820 2258 in
851 2219 958 2259 foliis
991 2221 1043 2258 98
1076 2225 1116 2259 et
1148 2221 1218 2258 ⁴04
1259 2233 1340 2259 non
1368 2225 1653 2272 apparuerunt
1676 2221 1754 2260 nisi

280 2334 309 2370 ⁴)
336 2331 526 2372 Catalogue
557 2331 699 2372 general
732 2331 794 2363 des
826 2333 1040 2364 manuscrits
1076 2332 1137 2364 des
1169 2332 1436 2374 bibliotheques
1470 2331 1661 2374 publiques
1692 2332 1754 2364 des

189 2377 454 2418 departements
481 2378 493 2407 1
519 2377 630 2417 (4849)
657 2386 689 2419 p.
710 2379 763 2408 47.

280 2424 309 2461 2)
337 2422 492 2464 Leopold
511 2422 649 2463 Delisle‚
676 2423 739 2454 Les
765 2423 843 2455 vols
863 2422 911 2465 ‘de
937 2423 1031 2455 Libri
1057 2432 1102 2454 au
1127 2424 1316 2456 seminaire
1342 2423 1507 2455 d’Autun.
1551 2422 1646 2455 Paris
1665 2425 1751 2455 ⁴898

191 2467 338 2506 (Extrait
363 2468 405 2499 de
431 2468 462 2499 la
489 2467 738 2509 Bibli0theque
764 2468 806 2500 de
832 2466 960 2500 l'Ecole
985 2469 1047 2500 des
1073 2469 1212 2501 chartes
1238 2469 1311 2501 LIX
1337 2477 1413 2511 pag.
1429 2470 1492 2500 379
1517 2468 1617 2509 sqq).

282 2516 309 2550 3)
336 2513 427 2544 cons.
455 2514 654 2546 Zeitschrift
687 2514 749 2546 der
779 2514 1104 2556 savigny-Stirtung
1138 2514 1194 2546 sur
1226 2513 1560 2555 Rechtsgeschichte
1593 2513 1665 2545 uol.
1691 2512 1754 2545 XV

191 2566 267 2598 pag.
289 2560 363 2589 365.

282 2604 310 2641 4)
337 2603 374 2633 In
399 2604 626 2644 ephemeride
652 2607 723 2636 not.
743 2607 759 2636 3
787 2604 928 2637 laudata
952 2605 1020 2637 vol.
1040 2605 1151 2636 XXIV
1178 2614 1255 2646 pag.
1277 2607 1339 2637 1005
1359 2613 1436 2646 sqq.

281 2649 310 2687 5)
337 2648 583 2690 Bibliotheque
610 2649 793 2683 Nationale
817 2650 857 2682 N.
884 2660 915 2684 a.
940 2650 960 2682 l.
987 2653 1074 2682 ⁴629
1102 2651 1158 2682 sol.
1177 2653 1321 2682 47—20.
