<?xml version="1.0" encoding="UTF-8"?>
<!DOCTYPE html PUBLIC "-//W3C//DTD XHTML 1.0 Transitional//EN"
    "http://www.w3.org/TR/xhtml1/DTD/xhtml1-transitional.dtd">
<html xmlns="http://www.w3.org/1999/xhtml" xml:lang="en" lang="en">
 <head>
  <title>
</title>
<meta http-equiv="Content-Type" content="text/html;charset=utf-8" />
  <meta name='ocr-system' content='tesseract 3.04.00' />
  <meta name='ocr-capabilities' content='ocr_page ocr_carea ocr_par ocr_line ocrx_word'/>
</head>
<body>
  <div class='ocr_page' id='page_1' title='image "./collectiolibroru01krue_0101.png"; bbox 0 0 1918 3110; ppageno 0'>
   <div class='ocr_carea' id='block_1_1' title="bbox 667 161 1584 201">
    <p class='ocr_par' dir='ltr' id='par_1_1' title="bbox 667 161 1584 201">
     <span class='ocr_line' id='line_1_1' title="bbox 667 161 1584 201; baseline -0.001 -8"><span class='ocrx_word' id='word_1_1' title='bbox 667 185 780 193; x_wconf 75' lang='lat'>—</span> <span class='ocrx_word' id='word_1_2' title='bbox 839 163 890 201; x_wconf 88' lang='lat'>27</span> <span class='ocrx_word' id='word_1_3' title='bbox 951 183 1064 190; x_wconf 77' lang='grc'>-.</span> <span class='ocrx_word' id='word_1_4' title='bbox 1314 161 1584 199; x_wconf 40' lang='lat' dir='ltr'>isne-&gt;uus</span> 
     </span>
    </p>
   </div>
   <div class='ocr_carea' id='block_1_2' title="bbox 41 285 1736 1712">
    <p class='ocr_par' dir='ltr' id='par_1_2' title="bbox 41 285 1736 1712">
     <span class='ocr_line' id='line_1_2' title="bbox 155 285 1585 341; baseline -0.004 -13"><span class='ocrx_word' id='word_1_5' title='bbox 155 291 400 341; x_wconf 86' lang='lat' dir='ltr'>cipataeque</span> <span class='ocrx_word' id='word_1_6' title='bbox 441 293 482 328; x_wconf 90' lang='lat' dir='ltr'>et</span> <span class='ocrx_word' id='word_1_7' title='bbox 511 289 788 327; x_wconf 88' lang='lat' dir='ltr'>manumissae</span> <span class='ocrx_word' id='word_1_8' title='bbox 820 287 1014 326; x_wconf 89' lang='lat' dir='ltr'>fuissent:</span> <span class='ocrx_word' id='word_1_9' title='bbox 1055 285 1131 324; x_wconf 90' lang='lat' dir='ltr'>sed</span> <span class='ocrx_word' id='word_1_10' title='bbox 1161 285 1267 323; x_wconf 90' lang='lat' dir='ltr'>hanc</span> <span class='ocrx_word' id='word_1_11' title='bbox 1297 285 1585 324; x_wconf 82' lang='lat' dir='ltr'>necessitatem</span> 
     </span>
     <span class='ocr_line' id='line_1_3' title="bbox 156 338 1585 398; baseline -0.003 -13"><span class='ocrx_word' id='word_1_12' title='bbox 156 347 423 398; x_wconf 83' lang='lat' dir='ltr'>coemptionis</span> <span class='ocrx_word' id='word_1_13' title='bbox 455 345 673 386; x_wconf 80' lang='lat' dir='ltr'>faciendae</span> <span class='ocrx_word' id='word_1_14' title='bbox 706 358 758 384; x_wconf 84' lang='lat' dir='ltr'>ex</span> <span class='ocrx_word' id='word_1_15' title='bbox 788 344 1029 383; x_wconf 88' lang='lat' dir='ltr'>auctoritate</span> <span class='ocrx_word' id='word_1_16' title='bbox 1061 342 1148 381; x_wconf 91' lang='lat' dir='ltr'>diui</span> <span class='ocrx_word' id='word_1_17' title='bbox 1180 338 1386 394; x_wconf 72' lang='lat' dir='ltr'>Haldriani</span> <span class='ocrx_word' id='word_1_18' title='bbox 1417 346 1585 381; x_wconf 90' lang='lat' dir='ltr'>senatus</span> 
     </span>
     <span class='ocr_line' id='line_1_4' title="bbox 41 396 1278 453; baseline -0.004 -11"><span class='ocrx_word' id='word_1_19' title='bbox 41 399 322 442; x_wconf 66' lang='lat' dir='ltr'>445bremisit.</span> <span class='ocrx_word' id='word_1_20' title='bbox 356 396 1092 453; x_wconf 75' lang='lat'><strong>—————————————}</strong></span> <span class='ocrx_word' id='word_1_21' title='bbox 1126 399 1278 438; x_wconf 88' lang='lat' dir='ltr'>femina</span> 
     </span>
     <span class='ocr_line' id='line_1_5' title="bbox 153 453 1586 510; baseline -0.008 -8"><span class='ocrx_word' id='word_1_22' title='bbox 153 481 971 489; x_wconf 64' lang='lat'>—————————-—————</span> <span class='ocrx_word' id='word_1_23' title='bbox 993 453 1182 510; x_wconf 76' lang='lat' dir='ltr'>filduciae</span> <span class='ocrx_word' id='word_1_24' title='bbox 1215 466 1341 495; x_wconf 90' lang='lat' dir='ltr'>causa</span> <span class='ocrx_word' id='word_1_25' title='bbox 1371 466 1465 493; x_wconf 85' lang='lat' dir='ltr'>cum</span> <span class='ocrx_word' id='word_1_26' title='bbox 1494 455 1586 491; x_wconf 73' lang='lat' dir='ltr'>uiro</span> 
     </span>
     <span class='ocr_line' id='line_1_6' title="bbox 155 511 1619 569; baseline -0.003 -13"><span class='ocrx_word' id='word_1_27' title='bbox 155 529 226 556; x_wconf 83' lang='lat' dir='ltr'>suo</span> <span class='ocrx_word' id='word_1_28' title='bbox 267 516 417 569; x_wconf 77' lang='lat' dir='ltr'>fecerit</span> <span class='ocrx_word' id='word_1_29' title='bbox 461 517 769 568; x_wconf 75' lang='lat' dir='ltr'>coemptionem,</span> <span class='ocrx_word' id='word_1_30' title='bbox 815 514 942 553; x_wconf 91' lang='lat' dir='ltr'>nihilo</span> <span class='ocrx_word' id='word_1_31' title='bbox 987 515 1124 553; x_wconf 91' lang='lat' dir='ltr'>minus</span> <span class='ocrx_word' id='word_1_32' title='bbox 1173 512 1280 552; x_wconf 87' lang='lat' dir='ltr'>filiae</span> <span class='ocrx_word' id='word_1_33' title='bbox 1320 512 1410 551; x_wconf 90' lang='lat' dir='ltr'>loco</span> <span class='ocrx_word' id='word_1_34' title='bbox 1446 511 1619 561; x_wconf 81' lang='lat' dir='ltr'>incipit5</span> 
     </span>
     <span class='ocr_line' id='line_1_7' title="bbox 155 569 1587 625; baseline -0.006 -11"><span class='ocrx_word' id='word_1_35' title='bbox 155 585 267 623; x_wconf 84' lang='lat' dir='ltr'>esse;</span> <span class='ocrx_word' id='word_1_36' title='bbox 299 587 394 613; x_wconf 91' lang='lat' dir='ltr'>nam</span> <span class='ocrx_word' id='word_1_37' title='bbox 426 576 460 614; x_wconf 92' lang='lat' dir='ltr'>si</span> <span class='ocrx_word' id='word_1_38' title='bbox 492 576 655 613; x_wconf 91' lang='lat' dir='ltr'>omnino</span> <span class='ocrx_word' id='word_1_39' title='bbox 688 572 876 625; x_wconf 86' lang='lat' dir='ltr'>qualibet</span> <span class='ocrx_word' id='word_1_40' title='bbox 906 584 958 611; x_wconf 87' lang='lat' dir='ltr'>ex</span> <span class='ocrx_word' id='word_1_41' title='bbox 990 583 1114 611; x_wconf 83' lang='lat' dir='ltr'>causa</span> <span class='ocrx_word' id='word_1_42' title='bbox 1145 583 1253 609; x_wconf 81' lang='lat' dir='ltr'>uxor</span> <span class='ocrx_word' id='word_1_43' title='bbox 1282 571 1324 608; x_wconf 90' lang='lat' dir='ltr'>in</span> <span class='ocrx_word' id='word_1_44' title='bbox 1354 580 1480 607; x_wconf 89' lang='lat' dir='ltr'>manu</span> <span class='ocrx_word' id='word_1_45' title='bbox 1509 569 1587 606; x_wconf 92' lang='lat' dir='ltr'>uiri</span> 
     </span>
     <span class='ocr_line' id='line_1_8' title="bbox 155 630 1012 683; baseline -0.004 -13"><span class='ocrx_word' id='word_1_46' title='bbox 155 633 216 682; x_wconf 84' lang='lat' dir='ltr'>sit,</span> <span class='ocrx_word' id='word_1_47' title='bbox 248 631 408 683; x_wconf 77' lang='lat' dir='ltr'>placuit</span> <span class='ocrx_word' id='word_1_48' title='bbox 438 644 528 671; x_wconf 85' lang='lat' dir='ltr'>eam</span> <span class='ocrx_word' id='word_1_49' title='bbox 560 631 668 670; x_wconf 88' lang='lat' dir='ltr'>filiae</span> <span class='ocrx_word' id='word_1_50' title='bbox 699 632 790 668; x_wconf 89' lang='lat' dir='ltr'>iura</span> <span class='ocrx_word' id='word_1_51' title='bbox 819 630 1012 668; x_wconf 89' lang='lat' dir='ltr'>nancisci.</span> 
     </span>
     <span class='ocr_line' id='line_1_9' title="bbox 60 682 1587 740; baseline -0.006 -12"><span class='ocrx_word' id='word_1_52' title='bbox 60 690 138 728; x_wconf 81' lang='grc'><strong>’146</strong></span> <span class='ocrx_word' id='word_1_53' title='bbox 268 690 469 740; x_wconf 84' lang='lat' dir='ltr'>Superest</span> <span class='ocrx_word' id='word_1_54' title='bbox 507 693 553 727; x_wconf 89' lang='lat' dir='ltr'>ut</span> <span class='ocrx_word' id='word_1_55' title='bbox 592 698 870 739; x_wconf 83' lang='lat' dir='ltr'>exponamus,</span> <span class='ocrx_word' id='word_1_56' title='bbox 918 698 1025 738; x_wconf 90' lang='lat' dir='ltr'>quae</span> <span class='ocrx_word' id='word_1_57' title='bbox 1062 696 1267 737; x_wconf 85' lang='lat' dir='ltr'>personae</span> <span class='ocrx_word' id='word_1_58' title='bbox 1307 684 1349 722; x_wconf 89' lang='lat' dir='ltr'>in</span> <span class='ocrx_word' id='word_1_59' title='bbox 1385 682 1587 732; x_wconf 91' lang='lat' dir='ltr'>mancipio</span> 
     </span>
     <span class='ocr_line' id='line_1_10' title="bbox 60 739 1588 798; baseline -0.006 -13"><span class='ocrx_word' id='word_1_60' title='bbox 60 746 244 785; x_wconf 70' lang='lat' dir='ltr'>⁴¹¹7sint.</span> <span class='ocrx_word' id='word_1_61' title='bbox 299 747 450 785; x_wconf 88' lang='lat' dir='ltr'>Omnes</span> <span class='ocrx_word' id='word_1_62' title='bbox 482 747 607 798; x_wconf 82' lang='lat' dir='ltr'>igitur</span> <span class='ocrx_word' id='word_1_63' title='bbox 637 744 867 784; x_wconf 87' lang='lat' dir='ltr'>liberorum</span> <span class='ocrx_word' id='word_1_64' title='bbox 898 754 1104 795; x_wconf 80' lang='lat' dir='ltr'>personae</span> <span class='ocrx_word' id='word_1_65' title='bbox 1136 743 1225 782; x_wconf 91' lang='lat' dir='ltr'>siue</span> <span class='ocrx_word' id='word_1_66' title='bbox 1257 739 1475 779; x_wconf 81' lang='lat' dir='ltr'>masculini</span> <span class='ocrx_word' id='word_1_67' title='bbox 1498 739 1588 777; x_wconf 92' lang='lat' dir='ltr'>siue</span> 
     </span>
     <span class='ocr_line' id='line_1_11' title="bbox 154 795 1644 854; baseline -0.005 -13"><span class='ocrx_word' id='word_1_68' title='bbox 154 803 339 842; x_wconf 77' lang='lat' dir='ltr'>seminini</span> <span class='ocrx_word' id='word_1_69' title='bbox 369 815 513 854; x_wconf 85' lang='lat' dir='ltr'>sexus,</span> <span class='ocrx_word' id='word_1_70' title='bbox 556 814 663 854; x_wconf 91' lang='lat' dir='ltr'>quae</span> <span class='ocrx_word' id='word_1_71' title='bbox 695 803 736 840; x_wconf 92' lang='lat' dir='ltr'>in</span> <span class='ocrx_word' id='word_1_72' title='bbox 766 805 971 853; x_wconf 80' lang='lat' dir='ltr'>potestate</span> <span class='ocrx_word' id='word_1_73' title='bbox 1002 800 1186 851; x_wconf 88' lang='lat' dir='ltr'>parentis</span> <span class='ocrx_word' id='word_1_74' title='bbox 1218 803 1332 849; x_wconf 87' lang='lat' dir='ltr'>sunt,</span> <span class='ocrx_word' id='word_1_75' title='bbox 1364 795 1644 847; x_wconf 68' lang='lat' dir='ltr'>manciparim</span> 
     </span>
     <span class='ocr_line' id='line_1_12' title="bbox 154 854 1593 910; baseline -0.005 -12"><span class='ocrx_word' id='word_1_76' title='bbox 154 860 206 899; x_wconf 93' lang='lat' dir='ltr'>ab</span> <span class='ocrx_word' id='word_1_77' title='bbox 237 859 308 900; x_wconf 80' lang='lat' dir='ltr'>hoc</span> <span class='ocrx_word' id='word_1_78' title='bbox 338 861 468 899; x_wconf 78' lang='lat' dir='ltr'>eodem</span> <span class='ocrx_word' id='word_1_79' title='bbox 499 860 621 898; x_wconf 91' lang='lat' dir='ltr'>modo</span> <span class='ocrx_word' id='word_1_80' title='bbox 643 863 830 910; x_wconf 82' lang='lat' dir='ltr'>possunt,</span> <span class='ocrx_word' id='word_1_81' title='bbox 864 870 945 910; x_wconf 89' lang='lat' dir='ltr'>quo</span> <span class='ocrx_word' id='word_1_82' title='bbox 968 859 1090 897; x_wconf 89' lang='lat' dir='ltr'>etiam</span> <span class='ocrx_word' id='word_1_83' title='bbox 1115 857 1229 896; x_wconf 89' lang='lat' dir='ltr'>serui</span> <span class='ocrx_word' id='word_1_84' title='bbox 1249 854 1475 906; x_wconf 89' lang='lat' dir='ltr'>mancipari</span> <span class='ocrx_word' id='word_1_85' title='bbox 1495 864 1593 904; x_wconf 92' lang='lat' dir='ltr'>pos-</span> 
     </span>
     <span class='ocr_line' id='line_1_13' title="bbox 61 906 1590 967; baseline -0.006 -10"><span class='ocrx_word' id='word_1_86' title='bbox 61 920 139 958; x_wconf 82' lang='grc'>448</span> <span class='ocrx_word' id='word_1_87' title='bbox 156 922 261 956; x_wconf 89' lang='lat' dir='ltr'>sunt.</span> <span class='ocrx_word' id='word_1_88' title='bbox 298 917 411 956; x_wconf 88' lang='lat' dir='ltr'>Idem</span> <span class='ocrx_word' id='word_1_89' title='bbox 442 917 543 956; x_wconf 92' lang='lat' dir='ltr'>iuris</span> <span class='ocrx_word' id='word_1_90' title='bbox 577 922 639 956; x_wconf 91' lang='lat' dir='ltr'>est</span> <span class='ocrx_word' id='word_1_91' title='bbox 664 918 704 955; x_wconf 90' lang='lat' dir='ltr'>in</span> <span class='ocrx_word' id='word_1_92' title='bbox 729 928 870 954; x_wconf 72' lang='lat' dir='ltr'>earum</span> <span class='ocrx_word' id='word_1_93' title='bbox 892 915 1082 966; x_wconf 89' lang='lat' dir='ltr'>personis</span> <span class='ocrx_word' id='word_1_94' title='bbox 1105 926 1211 967; x_wconf 90' lang='lat' dir='ltr'>quae</span> <span class='ocrx_word' id='word_1_95' title='bbox 1234 914 1275 952; x_wconf 90' lang='lat' dir='ltr'>in</span> <span class='ocrx_word' id='word_1_96' title='bbox 1297 924 1423 951; x_wconf 91' lang='lat' dir='ltr'>manu</span> <span class='ocrx_word' id='word_1_97' title='bbox 1444 914 1559 960; x_wconf 71' lang='lat' dir='ltr'>sunt,</span> <span class='ocrx_word' id='word_1_98' title='bbox 1584 906 1590 963; x_wconf 87' lang='grc'>1</span> 
     </span>
     <span class='ocr_line' id='line_1_14' title="bbox 510 965 1592 1026; baseline -0.006 -13"><span class='ocrx_word' id='word_1_99' title='bbox 510 972 930 1026; x_wconf 79' lang='lat' dir='ltr'>coemptIOnatoribus</span> <span class='ocrx_word' id='word_1_100' title='bbox 968 971 1116 1012; x_wconf 92' lang='lat' dir='ltr'>eodem</span> <span class='ocrx_word' id='word_1_101' title='bbox 1148 970 1271 1010; x_wconf 92' lang='lat' dir='ltr'>modo</span> <span class='ocrx_word' id='word_1_102' title='bbox 1301 972 1477 1022; x_wconf 84' lang='lat' dir='ltr'>possunt</span> <span class='ocrx_word' id='word_1_103' title='bbox 1503 965 1508 1021; x_wconf 80' lang='grc' dir='ltr'>Ι</span> <span class='ocrx_word' id='word_1_104' title='bbox 1537 989 1592 995; x_wconf 91' lang='grc'>-</span> 
     </span>
     <span class='ocr_line' id='line_1_15' title="bbox 697 1025 1646 1082; baseline -0.008 -13"><span class='ocrx_word' id='word_1_105' title='bbox 697 1029 810 1082; x_wconf 92' lang='lat' dir='ltr'>apud</span> <span class='ocrx_word' id='word_1_106' title='bbox 842 1031 1234 1081; x_wconf 88' lang='lat' dir='ltr'>coemptionatorem</span> <span class='ocrx_word' id='word_1_107' title='bbox 1265 1027 1387 1081; x_wconf 62' lang='lat' dir='ltr'>filliae</span> <span class='ocrx_word' id='word_1_108' title='bbox 1419 1025 1507 1065; x_wconf 91' lang='lat' dir='ltr'>loco</span> <span class='ocrx_word' id='word_1_109' title='bbox 1541 1026 1646 1063; x_wconf 67' lang='lat' dir='ltr'>sitm</span> 
     </span>
     <span class='ocr_line' id='line_1_16' title="bbox 334 1084 1736 1140; baseline -0.006 -13"><span class='ocrx_word' id='word_1_110' title='bbox 334 1093 463 1139; x_wconf 82' lang='lat' dir='ltr'>nupta</span> <span class='ocrx_word' id='word_1_111' title='bbox 495 1089 562 1140; x_wconf 91' lang='lat' dir='ltr'>sit,</span> <span class='ocrx_word' id='word_1_112' title='bbox 735 1086 861 1126; x_wconf 91' lang='lat' dir='ltr'>nihilo</span> <span class='ocrx_word' id='word_1_113' title='bbox 892 1088 1029 1126; x_wconf 90' lang='lat' dir='ltr'>minus</span> <span class='ocrx_word' id='word_1_114' title='bbox 1062 1087 1182 1126; x_wconf 81' lang='lat' dir='ltr'>etiam</span> <span class='ocrx_word' id='word_1_115' title='bbox 1209 1084 1224 1137; x_wconf 87' lang='grc' dir='ltr'>ΙΙ</span> <span class='ocrx_word' id='word_1_116' title='bbox 1254 1096 1362 1138; x_wconf 88' lang='lat' dir='ltr'>quae</span> <span class='ocrx_word' id='word_1_117' title='bbox 1394 1084 1432 1122; x_wconf 90' lang='lat' dir='ltr'>ei</span> <span class='ocrx_word' id='word_1_118' title='bbox 1461 1086 1592 1133; x_wconf 89' lang='lat' dir='ltr'>nupta</span> <span class='ocrx_word' id='word_1_119' title='bbox 1605 1096 1682 1131; x_wconf 83' lang='lat' dir='ltr'>pag.</span> <span class='ocrx_word' id='word_1_120' title='bbox 1701 1090 1736 1119; x_wconf 74' lang='lat'>3⁴</span> 
     </span>
     <span class='ocr_line' id='line_1_17' title="bbox 156 1140 1588 1196; baseline -0.005 -12"><span class='ocrx_word' id='word_1_121' title='bbox 156 1158 237 1184; x_wconf 90' lang='lat' dir='ltr'>non</span> <span class='ocrx_word' id='word_1_122' title='bbox 278 1146 331 1184; x_wconf 75' lang='lat' dir='ltr'>sit</span> <span class='ocrx_word' id='word_1_123' title='bbox 367 1158 444 1185; x_wconf 92' lang='lat' dir='ltr'>nec</span> <span class='ocrx_word' id='word_1_124' title='bbox 483 1145 534 1184; x_wconf 94' lang='lat' dir='ltr'>ob</span> <span class='ocrx_word' id='word_1_125' title='bbox 573 1144 615 1184; x_wconf 93' lang='lat' dir='ltr'>id</span> <span class='ocrx_word' id='word_1_126' title='bbox 654 1144 762 1184; x_wconf 87' lang='lat' dir='ltr'>filiae</span> <span class='ocrx_word' id='word_1_127' title='bbox 796 1144 884 1183; x_wconf 91' lang='lat' dir='ltr'>loco</span> <span class='ocrx_word' id='word_1_128' title='bbox 917 1145 987 1196; x_wconf 90' lang='lat' dir='ltr'>sit,</span> <span class='ocrx_word' id='word_1_129' title='bbox 1025 1143 1078 1183; x_wconf 88' lang='lat' dir='ltr'>ab</span> <span class='ocrx_word' id='word_1_130' title='bbox 1111 1155 1159 1183; x_wconf 91' lang='lat' dir='ltr'>eo</span> <span class='ocrx_word' id='word_1_131' title='bbox 1190 1141 1416 1193; x_wconf 91' lang='lat' dir='ltr'>mancipari</span> <span class='ocrx_word' id='word_1_132' title='bbox 1446 1140 1588 1192; x_wconf 86' lang='lat' dir='ltr'>possit.</span> 
     </span>
     <span class='ocr_line' id='line_1_18' title="bbox 41 1198 1591 1256; baseline -0.003 -17"><span class='ocrx_word' id='word_1_133' title='bbox 41 1211 139 1248; x_wconf 51' lang='lat' dir='ltr'>agga</span> <span class='ocrx_word' id='word_1_134' title='bbox 156 1203 407 1256; x_wconf 84' lang='lat' dir='ltr'>Plerumque</span> <span class='ocrx_word' id='word_1_135' title='bbox 422 1200 538 1255; x_wconf 84' lang='lat' dir='ltr'>(uero</span> <span class='ocrx_word' id='word_1_136' title='bbox 570 1199 672 1255; x_wconf 81' lang='lat' dir='ltr'>tum&gt;</span> <span class='ocrx_word' id='word_1_137' title='bbox 706 1201 841 1241; x_wconf 91' lang='lat' dir='ltr'>solum</span> <span class='ocrx_word' id='word_1_138' title='bbox 873 1206 914 1241; x_wconf 90' lang='lat' dir='ltr'>et</span> <span class='ocrx_word' id='word_1_139' title='bbox 944 1213 967 1240; x_wconf 95' lang='lat' dir='ltr'>a</span> <span class='ocrx_word' id='word_1_140' title='bbox 992 1199 1239 1253; x_wconf 88' lang='lat' dir='ltr'>parentibus</span> <span class='ocrx_word' id='word_1_141' title='bbox 1262 1205 1303 1239; x_wconf 91' lang='lat' dir='ltr'>et</span> <span class='ocrx_word' id='word_1_142' title='bbox 1323 1211 1346 1238; x_wconf 89' lang='lat' dir='ltr'>a</span> <span class='ocrx_word' id='word_1_143' title='bbox 1367 1198 1591 1249; x_wconf 86' lang='lat' dir='ltr'>coemptio-</span> 
     </span>
     <span class='ocr_line' id='line_1_19' title="bbox 155 1255 1593 1312; baseline -0.005 -13"><span class='ocrx_word' id='word_1_144' title='bbox 155 1260 370 1300; x_wconf 88' lang='lat' dir='ltr'>natoribus</span> <span class='ocrx_word' id='word_1_145' title='bbox 410 1261 710 1312; x_wconf 86' lang='lat' dir='ltr'>mancipantur,</span> <span class='ocrx_word' id='word_1_146' title='bbox 745 1272 839 1298; x_wconf 90' lang='lat' dir='ltr'>cum</span> <span class='ocrx_word' id='word_1_147' title='bbox 869 1258 1001 1297; x_wconf 88' lang='lat' dir='ltr'>uelint</span> <span class='ocrx_word' id='word_1_148' title='bbox 1029 1263 1225 1310; x_wconf 90' lang='lat' dir='ltr'>parentes</span> <span class='ocrx_word' id='word_1_149' title='bbox 1257 1255 1593 1308; x_wconf 88' lang='lat' dir='ltr'>coemptionatio-</span> 
     </span>
     <span class='ocr_line' id='line_1_20' title="bbox 155 1312 1590 1371; baseline -0.004 -15"><span class='ocrx_word' id='word_1_150' title='bbox 155 1329 308 1369; x_wconf 90' lang='lat' dir='ltr'>resque</span> <span class='ocrx_word' id='word_1_151' title='bbox 342 1314 437 1371; x_wconf 75' lang='lat' dir='ltr'>(eac)</span> <span class='ocrx_word' id='word_1_152' title='bbox 471 1329 546 1356; x_wconf 90' lang='lat' dir='ltr'>suo</span> <span class='ocrx_word' id='word_1_153' title='bbox 577 1318 668 1356; x_wconf 92' lang='lat' dir='ltr'>iure</span> <span class='ocrx_word' id='word_1_154' title='bbox 701 1328 771 1356; x_wconf 88' lang='lat' dir='ltr'>eas</span> <span class='ocrx_word' id='word_1_155' title='bbox 802 1327 1004 1368; x_wconf 90' lang='lat' dir='ltr'>personas</span> <span class='ocrx_word' id='word_1_156' title='bbox 1035 1315 1254 1365; x_wconf 83' lang='lat' dir='ltr'>dimittere,</span> <span class='ocrx_word' id='word_1_157' title='bbox 1288 1315 1394 1353; x_wconf 91' lang='lat' dir='ltr'>sicut</span> <span class='ocrx_word' id='word_1_158' title='bbox 1419 1312 1590 1351; x_wconf 87' lang='lat' dir='ltr'>inferius</span> 
     </span>
     <span class='ocr_line' id='line_1_21' title="bbox 61 1373 1647 1426; baseline -0.004 -13"><span class='ocrx_word' id='word_1_159' title='bbox 61 1375 391 1420; x_wconf 70' lang='lat' dir='ltr'>449euidentius</span> <span class='ocrx_word' id='word_1_160' title='bbox 423 1373 657 1426; x_wconf 85' lang='lat' dir='ltr'>apparebit.</span> <span class='ocrx_word' id='word_1_161' title='bbox 709 1374 782 1412; x_wconf 90' lang='lat' dir='ltr'>Est</span> <span class='ocrx_word' id='word_1_162' title='bbox 811 1377 950 1412; x_wconf 87' lang='lat' dir='ltr'>autem</span> <span class='ocrx_word' id='word_1_163' title='bbox 981 1373 1239 1424; x_wconf 85' lang='lat' dir='ltr'>mancipatio,</span> <span class='ocrx_word' id='word_1_164' title='bbox 1272 1376 1319 1410; x_wconf 88' lang='lat' dir='ltr'>ut</span> <span class='ocrx_word' id='word_1_165' title='bbox 1340 1382 1468 1422; x_wconf 85' lang='lat' dir='ltr'>supra</span> <span class='ocrx_word' id='word_1_166' title='bbox 1489 1381 1593 1422; x_wconf 91' lang='lat' dir='ltr'>quo-</span> <span class='ocrx_word' id='word_1_167' title='bbox 1606 1376 1647 1406; x_wconf 81' lang='lat'>20</span> 
     </span>
     <span class='ocr_line' id='line_1_22' title="bbox 155 1427 1592 1484; baseline -0.004 -13"><span class='ocrx_word' id='word_1_168' title='bbox 155 1444 237 1484; x_wconf 91' lang='lat' dir='ltr'>que</span> <span class='ocrx_word' id='word_1_169' title='bbox 269 1431 468 1482; x_wconf 82' lang='lat' dir='ltr'>diximus,</span> <span class='ocrx_word' id='word_1_170' title='bbox 502 1432 742 1483; x_wconf 75' lang='lat' dir='ltr'>imaginaria</span> <span class='ocrx_word' id='word_1_171' title='bbox 774 1430 980 1483; x_wconf 89' lang='lat' dir='ltr'>quaedam</span> <span class='ocrx_word' id='word_1_172' title='bbox 1011 1429 1215 1479; x_wconf 86' lang='lat' dir='ltr'>uenditio;</span> <span class='ocrx_word' id='word_1_173' title='bbox 1255 1427 1364 1481; x_wconf 83' lang='lat' dir='ltr'>quod</span> <span class='ocrx_word' id='word_1_174' title='bbox 1386 1431 1427 1467; x_wconf 88' lang='lat' dir='ltr'>et</span> <span class='ocrx_word' id='word_1_175' title='bbox 1453 1428 1592 1479; x_wconf 90' lang='lat' dir='ltr'>ipsum</span> 
     </span>
     <span class='ocr_line' id='line_1_23' title="bbox 153 1485 1590 1541; baseline -0.003 -14"><span class='ocrx_word' id='word_1_176' title='bbox 153 1489 218 1528; x_wconf 91' lang='lat' dir='ltr'>ius</span> <span class='ocrx_word' id='word_1_177' title='bbox 255 1489 472 1541; x_wconf 91' lang='lat' dir='ltr'>proprium</span> <span class='ocrx_word' id='word_1_178' title='bbox 504 1489 657 1527; x_wconf 88' lang='lat' dir='ltr'>ciuium</span> <span class='ocrx_word' id='word_1_179' title='bbox 691 1490 965 1527; x_wconf 84' lang='lat' dir='ltr'>Romanorum</span> <span class='ocrx_word' id='word_1_180' title='bbox 997 1492 1072 1539; x_wconf 88' lang='lat' dir='ltr'>est,</span> <span class='ocrx_word' id='word_1_181' title='bbox 1106 1499 1238 1540; x_wconf 90' lang='lat' dir='ltr'>eaque</span> <span class='ocrx_word' id='word_1_182' title='bbox 1269 1497 1338 1525; x_wconf 90' lang='lat' dir='ltr'>res</span> <span class='ocrx_word' id='word_1_183' title='bbox 1359 1485 1415 1524; x_wconf 84' lang='lat' dir='ltr'>ita</span> <span class='ocrx_word' id='word_1_184' title='bbox 1436 1486 1590 1536; x_wconf 82' lang='lat' dir='ltr'>agitur:</span> 
     </span>
     <span class='ocr_line' id='line_1_24' title="bbox 153 1541 1594 1598; baseline -0.004 -13"><span class='ocrx_word' id='word_1_185' title='bbox 153 1546 348 1585; x_wconf 89' lang='lat' dir='ltr'>adhibitis</span> <span class='ocrx_word' id='word_1_186' title='bbox 379 1558 462 1584; x_wconf 91' lang='lat' dir='ltr'>non</span> <span class='ocrx_word' id='word_1_187' title='bbox 494 1547 630 1584; x_wconf 89' lang='lat' dir='ltr'>minus</span> <span class='ocrx_word' id='word_1_188' title='bbox 663 1558 789 1597; x_wconf 77' lang='lat' dir='ltr'>quom</span> <span class='ocrx_word' id='word_1_189' title='bbox 821 1546 1008 1598; x_wconf 80' lang='lat' dir='ltr'>quinque</span> <span class='ocrx_word' id='word_1_190' title='bbox 1039 1544 1218 1584; x_wconf 90' lang='lat' dir='ltr'>testibus</span> <span class='ocrx_word' id='word_1_191' title='bbox 1251 1541 1415 1583; x_wconf 89' lang='lat' dir='ltr'>ciuibus</span> <span class='ocrx_word' id='word_1_192' title='bbox 1447 1543 1594 1581; x_wconf 88' lang='lat' dir='ltr'>Roma-</span> 
     </span>
     <span class='ocr_line' id='line_1_25' title="bbox 152 1599 1591 1655; baseline -0.004 -13"><span class='ocrx_word' id='word_1_193' title='bbox 152 1604 216 1642; x_wconf 91' lang='lat' dir='ltr'>nis</span> <span class='ocrx_word' id='word_1_194' title='bbox 254 1602 491 1655; x_wconf 90' lang='lat' dir='ltr'>puberibus</span> <span class='ocrx_word' id='word_1_195' title='bbox 529 1607 570 1643; x_wconf 90' lang='lat' dir='ltr'>et</span> <span class='ocrx_word' id='word_1_196' title='bbox 608 1607 826 1654; x_wconf 87' lang='lat' dir='ltr'>praeterea</span> <span class='ocrx_word' id='word_1_197' title='bbox 864 1602 943 1640; x_wconf 90' lang='lat' dir='ltr'>alio</span> <span class='ocrx_word' id='word_1_198' title='bbox 988 1601 1178 1641; x_wconf 90' lang='lat' dir='ltr'>eiusdem</span> <span class='ocrx_word' id='word_1_199' title='bbox 1209 1600 1480 1651; x_wconf 89' lang='lat' dir='ltr'>condicionis,</span> <span class='ocrx_word' id='word_1_200' title='bbox 1520 1599 1591 1650; x_wconf 90' lang='lat' dir='ltr'>qui</span> 
     </span>
     <span class='ocr_line' id='line_1_26' title="bbox 153 1656 1646 1712; baseline -0.003 -14"><span class='ocrx_word' id='word_1_201' title='bbox 153 1660 301 1700; x_wconf 90' lang='lat' dir='ltr'>libram</span> <span class='ocrx_word' id='word_1_202' title='bbox 347 1672 517 1700; x_wconf 86' lang='lat' dir='ltr'>aeneam</span> <span class='ocrx_word' id='word_1_203' title='bbox 562 1665 718 1711; x_wconf 87' lang='lat' dir='ltr'>teneat,</span> <span class='ocrx_word' id='word_1_204' title='bbox 766 1661 837 1712; x_wconf 92' lang='lat' dir='ltr'>qui</span> <span class='ocrx_word' id='word_1_205' title='bbox 882 1659 1119 1711; x_wconf 88' lang='lat' dir='ltr'>appellatur</span> <span class='ocrx_word' id='word_1_206' title='bbox 1164 1658 1388 1710; x_wconf 90' lang='lat' dir='ltr'>libripens,</span> <span class='ocrx_word' id='word_1_207' title='bbox 1435 1657 1471 1696; x_wconf 92' lang='lat' dir='ltr'>is</span> <span class='ocrx_word' id='word_1_208' title='bbox 1519 1656 1591 1707; x_wconf 90' lang='lat' dir='ltr'>qui</span> <span class='ocrx_word' id='word_1_209' title='bbox 1606 1664 1646 1693; x_wconf 81' lang='lat'>25</span> 
     </span>
    </p>
   </div>
   <div class='ocr_carea' id='block_1_3' title="bbox 1313 420 1539 424">
    <p class='ocr_par' dir='ltr' id='par_1_3' title="bbox 1313 420 1539 424">
     <span class='ocr_line' id='line_1_27' title="bbox 1313 420 1539 424; baseline 0 0"><span class='ocrx_word' id='word_1_210' title='bbox 1313 420 1539 424; x_wconf 95' lang='lat' dir='ltr'> </span> 
     </span>
    </p>
   </div>
   <div class='ocr_carea' id='block_1_4' title="bbox 154 1111 314 1116">
    <p class='ocr_par' dir='ltr' id='par_1_4' title="bbox 154 1111 314 1116">
     <span class='ocr_line' id='line_1_28' title="bbox 154 1111 314 1116; baseline 0 0"><span class='ocrx_word' id='word_1_211' title='bbox 154 1111 314 1116; x_wconf 95' lang='lat' dir='ltr'> </span> 
     </span>
    </p>
   </div>
   <div class='ocr_carea' id='block_1_5' title="bbox 590 1110 704 1115">
    <p class='ocr_par' dir='ltr' id='par_1_5' title="bbox 590 1110 704 1115">
     <span class='ocr_line' id='line_1_29' title="bbox 590 1110 704 1115; baseline 0 0"><span class='ocrx_word' id='word_1_212' title='bbox 590 1110 704 1115; x_wconf 95' lang='lat' dir='ltr'> </span> 
     </span>
    </p>
   </div>
   <div class='ocr_carea' id='block_1_6' title="bbox 154 1815 1591 1953">
    <p class='ocr_par' dir='ltr' id='par_1_6' title="bbox 154 1815 1591 1953">
     <span class='ocr_line' id='line_1_30' title="bbox 244 1815 1590 1861; baseline -0.003 -10"><span class='ocrx_word' id='word_1_213' title='bbox 244 1819 264 1859; x_wconf 68' lang='grc' dir='ltr'>ἓ</span> <span class='ocrx_word' id='word_1_214' title='bbox 285 1822 366 1851; x_wconf 64' lang='grc'><strong>4483</strong></span> <span class='ocrx_word' id='word_1_215' title='bbox 390 1818 546 1859; x_wconf 80' lang='lat' dir='ltr'>inferius]</span> <span class='ocrx_word' id='word_1_216' title='bbox 573 1818 666 1850; x_wconf 79' lang='lat' dir='ltr'>conf.</span> <span class='ocrx_word' id='word_1_217' title='bbox 692 1820 733 1859; x_wconf 54' lang='grc' dir='ltr'>ἐξ</span> <span class='ocrx_word' id='word_1_218' title='bbox 753 1822 828 1861; x_wconf 76' lang='grc'>432,</span> <span class='ocrx_word' id='word_1_219' title='bbox 856 1820 932 1860; x_wconf 76' lang='lat'>434,</span> <span class='ocrx_word' id='word_1_220' title='bbox 957 1820 1021 1850; x_wconf 86' lang='grc'>437</span> <span class='ocrx_word' id='word_1_221' title='bbox 1040 1816 1052 1861; x_wconf 78' lang='grc' dir='ltr'>Η</span> <span class='ocrx_word' id='word_1_222' title='bbox 1069 1818 1088 1858; x_wconf 67' lang='grc' dir='ltr'>ἓ</span> <span class='ocrx_word' id='word_1_223' title='bbox 1107 1819 1170 1849; x_wconf 82' lang='grc'>449</span> <span class='ocrx_word' id='word_1_224' title='bbox 1192 1831 1232 1844; x_wconf 96' lang='lat'><strong><em>=</em></strong></span> <span class='ocrx_word' id='word_1_225' title='bbox 1253 1817 1374 1849; x_wconf 86' lang='lat' dir='ltr'>Boeth.</span> <span class='ocrx_word' id='word_1_226' title='bbox 1399 1817 1434 1848; x_wconf 91' lang='lat' dir='ltr'>in</span> <span class='ocrx_word' id='word_1_227' title='bbox 1454 1815 1539 1857; x_wconf 92' lang='lat' dir='ltr'>Top.</span> <span class='ocrx_word' id='word_1_228' title='bbox 1559 1819 1590 1857; x_wconf 89' lang='lat'>5,</span> 
     </span>
     <span class='ocr_line' id='line_1_31' title="bbox 159 1863 1591 1907; baseline -0.003 -10"><span class='ocrx_word' id='word_1_229' title='bbox 159 1868 199 1896; x_wconf 74' lang='lat'>23</span> <span class='ocrx_word' id='word_1_230' title='bbox 233 1865 297 1906; x_wconf 84' lang='lat' dir='ltr'>(ed.</span> <span class='ocrx_word' id='word_1_231' title='bbox 328 1866 446 1897; x_wconf 84' lang='lat' dir='ltr'>Baiter</span> <span class='ocrx_word' id='word_1_232' title='bbox 476 1874 553 1907; x_wconf 82' lang='lat' dir='ltr'>pag.</span> <span class='ocrx_word' id='word_1_233' title='bbox 579 1866 672 1905; x_wconf 51' lang='lat' dir='ltr'>322ss</span> <span class='ocrx_word' id='word_1_234' title='bbox 715 1865 797 1897; x_wconf 82' lang='lat' dir='ltr'>iude</span> <span class='ocrx_word' id='word_1_235' title='bbox 829 1864 874 1896; x_wconf 89' lang='lat' dir='ltr'>ab</span> <span class='ocrx_word' id='word_1_236' title='bbox 906 1866 948 1896; x_wconf 72' lang='lat'>24</span> <span class='ocrx_word' id='word_1_237' title='bbox 980 1865 1037 1904; x_wconf 80' lang='lat' dir='ltr'>qui</span> <span class='ocrx_word' id='word_1_238' title='bbox 1070 1864 1192 1895; x_wconf 82' lang='lat' dir='ltr'>libram</span> <span class='ocrx_word' id='word_1_239' title='bbox 1215 1880 1261 1886; x_wconf 93' lang='lat'>—</span> <span class='ocrx_word' id='word_1_240' title='bbox 1293 1865 1334 1894; x_wconf 82' lang='lat'>25</span> <span class='ocrx_word' id='word_1_241' title='bbox 1362 1863 1523 1902; x_wconf 74' lang='lat' dir='ltr'>libripens</span> <span class='ocrx_word' id='word_1_242' title='bbox 1549 1874 1591 1889; x_wconf 92' lang='lat'>=</span> 
     </span>
     <span class='ocr_line' id='line_1_32' title="bbox 154 1908 1260 1953; baseline -0.002 -11"><span class='ocrx_word' id='word_1_243' title='bbox 154 1912 325 1942; x_wconf 76' lang='lat' dir='ltr'>Priscian.</span> <span class='ocrx_word' id='word_1_244' title='bbox 352 1910 395 1942; x_wconf 88' lang='lat' dir='ltr'>Vl</span> <span class='ocrx_word' id='word_1_245' title='bbox 424 1913 466 1942; x_wconf 83' lang='lat'>96</span> <span class='ocrx_word' id='word_1_246' title='bbox 495 1911 519 1949; x_wconf 95' lang='lat' dir='ltr'>(I</span> <span class='ocrx_word' id='word_1_247' title='bbox 544 1919 621 1953; x_wconf 80' lang='lat' dir='ltr'>pag.</span> <span class='ocrx_word' id='word_1_248' title='bbox 641 1912 706 1941; x_wconf 71' lang='lat'>282</span> <span class='ocrx_word' id='word_1_249' title='bbox 733 1911 789 1942; x_wconf 92' lang='lat' dir='ltr'>ed.</span> <span class='ocrx_word' id='word_1_250' title='bbox 816 1910 931 1951; x_wconf 86' lang='lat' dir='ltr'>Hertz)</span> <span class='ocrx_word' id='word_1_251' title='bbox 962 1908 974 1951; x_wconf 79' lang='grc' dir='ltr'>Η</span> <span class='ocrx_word' id='word_1_252' title='bbox 999 1909 1118 1950; x_wconf 78' lang='lat' dir='ltr'>supra]</span> <span class='ocrx_word' id='word_1_253' title='bbox 1146 1909 1165 1948; x_wconf 63' lang='grc' dir='ltr'>ξ</span> <span class='ocrx_word' id='word_1_254' title='bbox 1184 1911 1260 1941; x_wconf 88' lang='grc'><strong>443.</strong></span> 
     </span>
    </p>
   </div>
   <div class='ocr_carea' id='block_1_7' title="bbox 150 2056 1594 2738">
    <p class='ocr_par' dir='ltr' id='par_1_7' title="bbox 150 2056 1594 2738">
     <span class='ocr_line' id='line_1_33' title="bbox 247 2056 1593 2099; baseline -0.001 -10"><span class='ocrx_word' id='word_1_255' title='bbox 247 2062 263 2089; x_wconf 93' lang='grc'>3</span> <span class='ocrx_word' id='word_1_256' title='bbox 287 2062 366 2099; x_wconf 80' lang='lat' dir='ltr'>post</span> <span class='ocrx_word' id='word_1_257' title='bbox 391 2059 530 2091; x_wconf 85' lang='lat' dir='ltr'>remisit</span> <span class='ocrx_word' id='word_1_258' title='bbox 549 2058 657 2091; x_wconf 75' lang='lat' dir='ltr'>Gaius</span> <span class='ocrx_word' id='word_1_259' title='bbox 681 2059 763 2090; x_wconf 81' lang='lat' dir='ltr'>haec</span> <span class='ocrx_word' id='word_1_260' title='bbox 785 2058 858 2098; x_wconf 81' lang='lat' dir='ltr'>fere</span> <span class='ocrx_word' id='word_1_261' title='bbox 882 2058 1020 2090; x_wconf 75' lang='lat' dir='ltr'>uidetur</span> <span class='ocrx_word' id='word_1_262' title='bbox 1037 2058 1181 2090; x_wconf 77' lang='lat' dir='ltr'>dixisse:</span> <span class='ocrx_word' id='word_1_263' title='bbox 1208 2065 1284 2089; x_wconf 86' lang='lat' dir='ltr'>eam</span> <span class='ocrx_word' id='word_1_264' title='bbox 1306 2056 1479 2098; x_wconf 80' lang='lat' dir='ltr'>feminam,</span> <span class='ocrx_word' id='word_1_265' title='bbox 1505 2064 1593 2096; x_wconf 77' lang='lat' dir='ltr'>quae</span> 
     </span>
     <span class='ocr_line' id='line_1_34' title="bbox 150 2102 1592 2147; baseline -0.002 -11"><span class='ocrx_word' id='word_1_266' title='bbox 150 2106 297 2147; x_wconf 76' lang='lat' dir='ltr'>fiduciae</span> <span class='ocrx_word' id='word_1_267' title='bbox 322 2113 429 2136; x_wconf 86' lang='lat' dir='ltr'>causa</span> <span class='ocrx_word' id='word_1_268' title='bbox 454 2113 530 2136; x_wconf 84' lang='lat' dir='ltr'>cum</span> <span class='ocrx_word' id='word_1_269' title='bbox 561 2107 729 2136; x_wconf 74' lang='lat' dir='ltr'>eaetraneo</span> <span class='ocrx_word' id='word_1_270' title='bbox 755 2105 996 2143; x_wconf 79' lang='lat' dir='ltr'>coemptionem</span> <span class='ocrx_word' id='word_1_271' title='bbox 1019 2103 1155 2144; x_wconf 78' lang='lat' dir='ltr'>fecerit,</span> <span class='ocrx_word' id='word_1_272' title='bbox 1186 2104 1280 2145; x_wconf 75' lang='lat' dir='ltr'>filiae</span> <span class='ocrx_word' id='word_1_273' title='bbox 1305 2103 1375 2134; x_wconf 89' lang='lat' dir='ltr'>loco</span> <span class='ocrx_word' id='word_1_274' title='bbox 1399 2102 1491 2142; x_wconf 81' lang='lat' dir='ltr'>apud</span> <span class='ocrx_word' id='word_1_275' title='bbox 1516 2110 1592 2134; x_wconf 85' lang='lat' dir='ltr'>eum</span> 
     </span>
     <span class='ocr_line' id='line_1_35' title="bbox 154 2145 1591 2193; baseline -0.001 -13"><span class='ocrx_word' id='word_1_276' title='bbox 154 2158 221 2181; x_wconf 78' lang='lat' dir='ltr'>non</span> <span class='ocrx_word' id='word_1_277' title='bbox 246 2158 336 2190; x_wconf 80' lang='lat' dir='ltr'>esse;</span> <span class='ocrx_word' id='word_1_278' title='bbox 362 2152 420 2182; x_wconf 83' lang='lat' dir='ltr'>sed</span> <span class='ocrx_word' id='word_1_279' title='bbox 451 2160 537 2191; x_wconf 81' lang='lat' dir='ltr'>quae</span> <span class='ocrx_word' id='word_1_280' title='bbox 552 2148 730 2182; x_wconf 85' lang='lat' dir='ltr'>fiduciae</span> <span class='ocrx_word' id='word_1_281' title='bbox 755 2158 881 2182; x_wconf 81' lang='lat' dir='ltr'>eausa</span> <span class='ocrx_word' id='word_1_282' title='bbox 905 2151 971 2181; x_wconf 86' lang='lat' dir='ltr'>etc.</span> <span class='ocrx_word' id='word_1_283' title='bbox 995 2145 1008 2193; x_wconf 84' lang='grc' dir='ltr'>ΙΙ</span> <span class='ocrx_word' id='word_1_284' title='bbox 1034 2151 1052 2181; x_wconf 89' lang='grc'>’1</span> <span class='ocrx_word' id='word_1_285' title='bbox 1076 2149 1215 2191; x_wconf 84' lang='lat' dir='ltr'>placuit</span> <span class='ocrx_word' id='word_1_286' title='bbox 1242 2148 1404 2190; x_wconf 83' lang='lat' dir='ltr'>Niebuhr,</span> <span class='ocrx_word' id='word_1_287' title='bbox 1429 2145 1591 2189; x_wconf 74' lang='lat' dir='ltr'>placati?</span> 
     </span>
     <span class='ocr_line' id='line_1_36' title="bbox 159 2193 1591 2239; baseline -0.003 -10"><span class='ocrx_word' id='word_1_288' title='bbox 159 2196 185 2229; x_wconf 90' lang='lat' dir='ltr'>C</span> <span class='ocrx_word' id='word_1_289' title='bbox 218 2194 231 2239; x_wconf 75' lang='lat' dir='ltr'>ll</span> <span class='ocrx_word' id='word_1_290' title='bbox 267 2196 345 2227; x_wconf 84' lang='lat' dir='ltr'>iura</span> <span class='ocrx_word' id='word_1_291' title='bbox 370 2204 415 2227; x_wconf 74' lang='lat' dir='ltr'>ex</span> <span class='ocrx_word' id='word_1_292' title='bbox 439 2196 539 2228; x_wconf 87' lang='lat' dir='ltr'>iurae</span> <span class='ocrx_word' id='word_1_293' title='bbox 564 2199 754 2228; x_wconf 83' lang='lat' dir='ltr'>correctum</span> <span class='ocrx_word' id='word_1_294' title='bbox 782 2195 807 2228; x_wconf 91' lang='lat' dir='ltr'><strong><em>C</em></strong></span> <span class='ocrx_word' id='word_1_295' title='bbox 835 2194 848 2238; x_wconf 77' lang='lat' dir='ltr'>ss</span> <span class='ocrx_word' id='word_1_296' title='bbox 880 2197 919 2227; x_wconf 89' lang='grc'>40</span> <span class='ocrx_word' id='word_1_297' title='bbox 947 2194 1069 2227; x_wconf 77' lang='lat' dir='ltr'>semini</span> <span class='ocrx_word' id='word_1_298' title='bbox 1101 2195 1126 2228; x_wconf 90' lang='lat' dir='ltr'><strong><em>C</em></strong></span> <span class='ocrx_word' id='word_1_299' title='bbox 1147 2193 1161 2237; x_wconf 84' lang='grc' dir='ltr'>ΙΙ</span> <span class='ocrx_word' id='word_1_300' title='bbox 1184 2197 1220 2226; x_wconf 88' lang='grc'>44</span> <span class='ocrx_word' id='word_1_301' title='bbox 1254 2195 1324 2226; x_wconf 86' lang='lat' dir='ltr'>hoc</span> <span class='ocrx_word' id='word_1_302' title='bbox 1348 2194 1477 2226; x_wconf 92' lang='lat' dir='ltr'>eodem</span> <span class='ocrx_word' id='word_1_303' title='bbox 1507 2193 1591 2225; x_wconf 88' lang='lat' dir='ltr'>Goe-</span> 
     </span>
     <span class='ocr_line' id='line_1_37' title="bbox 155 2239 1592 2284; baseline -0.002 -11"><span class='ocrx_word' id='word_1_304' title='bbox 155 2242 271 2283; x_wconf 85' lang='lat' dir='ltr'>schen,</span> <span class='ocrx_word' id='word_1_305' title='bbox 304 2241 432 2273; x_wconf 88' lang='lat' dir='ltr'>eodem</span> <span class='ocrx_word' id='word_1_306' title='bbox 458 2241 527 2273; x_wconf 90' lang='lat' dir='ltr'>hoc</span> <span class='ocrx_word' id='word_1_307' title='bbox 561 2241 585 2273; x_wconf 90' lang='lat' dir='ltr'><strong><em>C</em></strong></span> <span class='ocrx_word' id='word_1_308' title='bbox 616 2239 628 2284; x_wconf 83' lang='grc' dir='ltr'>ΙΙ</span> <span class='ocrx_word' id='word_1_309' title='bbox 659 2243 792 2272; x_wconf 86' lang='grc'><strong>43-45</strong></span> <span class='ocrx_word' id='word_1_310' title='bbox 824 2242 969 2273; x_wconf 83' lang='lat' dir='ltr'>lacunae</span> <span class='ocrx_word' id='word_1_311' title='bbox 998 2241 1139 2273; x_wconf 81' lang='lat' dir='ltr'>ducibus</span> <span class='ocrx_word' id='word_1_312' title='bbox 1169 2249 1213 2272; x_wconf 74' lang='lat' dir='ltr'>ea:</span> <span class='ocrx_word' id='word_1_313' title='bbox 1241 2243 1341 2280; x_wconf 77' lang='lat' dir='ltr'>parte</span> <span class='ocrx_word' id='word_1_314' title='bbox 1375 2241 1514 2271; x_wconf 81' lang='lat' dir='ltr'>incertis</span> <span class='ocrx_word' id='word_1_315' title='bbox 1539 2247 1592 2270; x_wconf 92' lang='lat' dir='ltr'>co-</span> 
     </span>
     <span class='ocr_line' id='line_1_38' title="bbox 155 2287 1591 2327; baseline -0.002 -9"><span class='ocrx_word' id='word_1_316' title='bbox 155 2288 241 2319; x_wconf 74' lang='lat' dir='ltr'>dicis</span> <span class='ocrx_word' id='word_1_317' title='bbox 271 2287 296 2320; x_wconf 91' lang='lat' dir='ltr'><strong><em>C</em></strong></span> <span class='ocrx_word' id='word_1_318' title='bbox 318 2288 449 2319; x_wconf 76' lang='lat' dir='ltr'>umbris</span> <span class='ocrx_word' id='word_1_319' title='bbox 474 2296 551 2319; x_wconf 81' lang='lat' dir='ltr'>cum</span> <span class='ocrx_word' id='word_1_320' title='bbox 576 2287 794 2318; x_wconf 80' lang='lat' dir='ltr'>Lachmanno</span> <span class='ocrx_word' id='word_1_321' title='bbox 820 2288 962 2326; x_wconf 80' lang='lat' dir='ltr'>aliisque</span> <span class='ocrx_word' id='word_1_322' title='bbox 985 2288 1034 2318; x_wconf 77' lang='lat' dir='ltr'>ita</span> <span class='ocrx_word' id='word_1_323' title='bbox 1059 2295 1085 2318; x_wconf 92' lang='lat' dir='ltr'>e.</span> <span class='ocrx_word' id='word_1_324' title='bbox 1103 2296 1137 2327; x_wconf 77' lang='lat'>9.</span> <span class='ocrx_word' id='word_1_325' title='bbox 1164 2287 1299 2326; x_wconf 76' lang='lat' dir='ltr'>eaeplerz&#39;</span> <span class='ocrx_word' id='word_1_326' title='bbox 1320 2288 1479 2326; x_wconf 82' lang='lat' dir='ltr'>possunt:</span> <span class='ocrx_word' id='word_1_327' title='bbox 1509 2294 1591 2316; x_wconf 89' lang='lat' dir='ltr'>nam</span> 
     </span>
     <span class='ocr_line' id='line_1_39' title="bbox 156 2331 1594 2375; baseline -0.001 -11"><span class='ocrx_word' id='word_1_328' title='bbox 156 2333 222 2373; x_wconf 87' lang='lat' dir='ltr'>(uel</span> <span class='ocrx_word' id='word_1_329' title='bbox 246 2334 368 2375; x_wconf 83' lang='lat' dir='ltr'>quare)</span> <span class='ocrx_word' id='word_1_330' title='bbox 401 2332 555 2365; x_wconf 78' lang='lat' dir='ltr'>feminae</span> <span class='ocrx_word' id='word_1_331' title='bbox 587 2342 606 2364; x_wconf 89' lang='lat' dir='ltr'>a</span> <span class='ocrx_word' id='word_1_332' title='bbox 638 2332 1062 2373; x_wconf 79' lang='lat' dir='ltr'>coemptionatoribus</span> <span class='ocrx_word' id='word_1_333' title='bbox 1095 2331 1239 2364; x_wconf 87' lang='lat' dir='ltr'>eodem</span> <span class='ocrx_word' id='word_1_334' title='bbox 1272 2331 1393 2364; x_wconf 87' lang='lat' dir='ltr'>modo</span> <span class='ocrx_word' id='word_1_335' title='bbox 1417 2331 1594 2370; x_wconf 82' lang='lat' dir='ltr'>possunt</span> 
     </span>
     <span class='ocr_line' id='line_1_40' title="bbox 154 2375 1593 2421; baseline -0.001 -12"><span class='ocrx_word' id='word_1_336' title='bbox 154 2376 382 2421; x_wconf 81' lang='lat' dir='ltr'>(mancipari,</span> <span class='ocrx_word' id='word_1_337' title='bbox 420 2388 491 2419; x_wconf 90' lang='lat' dir='ltr'>quo</span> <span class='ocrx_word' id='word_1_338' title='bbox 525 2378 628 2411; x_wconf 86' lang='lat' dir='ltr'>liberi</span> <span class='ocrx_word' id='word_1_339' title='bbox 659 2389 677 2410; x_wconf 82' lang='lat' dir='ltr'>a</span> <span class='ocrx_word' id='word_1_340' title='bbox 709 2382 859 2420; x_wconf 86' lang='lat' dir='ltr'>parente</span> <span class='ocrx_word' id='word_1_341' title='bbox 897 2379 1165 2420; x_wconf 80' lang='lat' dir='ltr'>mancipantur3</span> <span class='ocrx_word' id='word_1_342' title='bbox 1205 2375 1308 2419; x_wconf 84' lang='lat' dir='ltr'>adeo)</span> <span class='ocrx_word' id='word_1_343' title='bbox 1337 2376 1519 2416; x_wconf 75' lang='lat' dir='ltr'>quidem,</span> <span class='ocrx_word' id='word_1_344' title='bbox 1554 2378 1593 2408; x_wconf 87' lang='lat' dir='ltr'>ut</span> 
     </span>
     <span class='ocr_line' id='line_1_41' title="bbox 156 2423 1594 2464; baseline -0.002 -8"><span class='ocrx_word' id='word_1_345' title='bbox 156 2425 327 2463; x_wconf 81' lang='lat' dir='ltr'>quamuis</span> <span class='ocrx_word' id='word_1_346' title='bbox 361 2432 404 2456; x_wconf 83' lang='lat' dir='ltr'>ea</span> <span class='ocrx_word' id='word_1_347' title='bbox 427 2425 507 2456; x_wconf 76' lang='lat' dir='ltr'>sola</span> <span class='ocrx_word' id='word_1_348' title='bbox 533 2424 642 2463; x_wconf 81' lang='lat' dir='ltr'>apud</span> <span class='ocrx_word' id='word_1_349' title='bbox 667 2425 1064 2464; x_wconf 76' lang='lat' dir='ltr'>coemptionatorem</span> <span class='ocrx_word' id='word_1_350' title='bbox 1093 2423 1204 2456; x_wconf 84' lang='lat' dir='ltr'>filiae</span> <span class='ocrx_word' id='word_1_351' title='bbox 1229 2423 1319 2456; x_wconf 86' lang='lat' dir='ltr'>loeo</span> <span class='ocrx_word' id='word_1_352' title='bbox 1345 2423 1421 2461; x_wconf 81' lang='lat' dir='ltr'>sit,</span> <span class='ocrx_word' id='word_1_353' title='bbox 1454 2431 1540 2462; x_wconf 77' lang='lat' dir='ltr'>quae</span> <span class='ocrx_word' id='word_1_354' title='bbox 1565 2423 1594 2453; x_wconf 84' lang='lat' dir='ltr'>ei</span> 
     </span>
     <span class='ocr_line' id='line_1_42' title="bbox 155 2468 1592 2512; baseline -0.003 -10"><span class='ocrx_word' id='word_1_355' title='bbox 155 2471 287 2509; x_wconf 83' lang='lat' dir='ltr'>nupta</span> <span class='ocrx_word' id='word_1_356' title='bbox 312 2470 380 2508; x_wconf 78' lang='lat' dir='ltr'>sit,</span> <span class='ocrx_word' id='word_1_357' title='bbox 406 2473 527 2502; x_wconf 72' lang='lat' dir='ltr'>tamen</span> <span class='ocrx_word' id='word_1_358' title='bbox 550 2470 683 2502; x_wconf 88' lang='lat' dir='ltr'>nihilo</span> <span class='ocrx_word' id='word_1_359' title='bbox 707 2471 846 2503; x_wconf 79' lang='lat' dir='ltr'>minus</span> <span class='ocrx_word' id='word_1_360' title='bbox 877 2473 944 2502; x_wconf 83' lang='lat' dir='ltr'>etc.</span> <span class='ocrx_word' id='word_1_361' title='bbox 984 2468 997 2512; x_wconf 84' lang='grc' dir='ltr'>ΙΙ</span> <span class='ocrx_word' id='word_1_362' title='bbox 1037 2472 1078 2501; x_wconf 88' lang='grc'>46</span> <span class='ocrx_word' id='word_1_363' title='bbox 1106 2478 1176 2501; x_wconf 90' lang='lat' dir='ltr'>non</span> <span class='ocrx_word' id='word_1_364' title='bbox 1203 2470 1249 2501; x_wconf 88' lang='lat' dir='ltr'>sit</span> <span class='ocrx_word' id='word_1_365' title='bbox 1274 2469 1489 2509; x_wconf 81' lang='lat' dir='ltr'>Lachmann,</span> <span class='ocrx_word' id='word_1_366' title='bbox 1521 2476 1592 2499; x_wconf 88' lang='lat' dir='ltr'>non</span> 
     </span>
     <span class='ocr_line' id='line_1_43' title="bbox 157 2512 1592 2558; baseline -0.002 -11"><span class='ocrx_word' id='word_1_367' title='bbox 157 2519 212 2547; x_wconf 80' lang='lat' dir='ltr'>est</span> <span class='ocrx_word' id='word_1_368' title='bbox 240 2515 265 2548; x_wconf 90' lang='lat' dir='ltr'><strong><em>C</em></strong></span> <span class='ocrx_word' id='word_1_369' title='bbox 303 2513 315 2557; x_wconf 90' lang='grc' dir='ltr'>ΙΙ</span> <span class='ocrx_word' id='word_1_370' title='bbox 355 2525 421 2547; x_wconf 88' lang='lat' dir='ltr'>nec</span> <span class='ocrx_word' id='word_1_371' title='bbox 452 2525 496 2547; x_wconf 65' lang='lat' dir='ltr'>ez</span> <span class='ocrx_word' id='word_1_372' title='bbox 527 2518 562 2547; x_wconf 85' lang='lat' dir='ltr'>et</span> <span class='ocrx_word' id='word_1_373' title='bbox 593 2519 781 2548; x_wconf 81' lang='lat' dir='ltr'>correctum</span> <span class='ocrx_word' id='word_1_374' title='bbox 816 2516 841 2549; x_wconf 91' lang='lat' dir='ltr'><strong><em>C</em></strong></span> <span class='ocrx_word' id='word_1_375' title='bbox 879 2513 892 2558; x_wconf 87' lang='grc' dir='ltr'>ΙΙ</span> <span class='ocrx_word' id='word_1_376' title='bbox 932 2518 972 2547; x_wconf 91' lang='grc'>47</span> <span class='ocrx_word' id='word_1_377' title='bbox 999 2513 1041 2557; x_wconf 91' lang='grc'>&lt;&gt;</span> <span class='ocrx_word' id='word_1_378' title='bbox 1067 2515 1199 2547; x_wconf 78' lang='lat' dir='ltr'>addidit</span> <span class='ocrx_word' id='word_1_379' title='bbox 1225 2515 1395 2547; x_wconf 84' lang='lat' dir='ltr'>Goeschen</span> <span class='ocrx_word' id='word_1_380' title='bbox 1432 2512 1444 2556; x_wconf 91' lang='grc' dir='ltr'>ΙΙ</span> <span class='ocrx_word' id='word_1_381' title='bbox 1485 2516 1525 2545; x_wconf 80' lang='grc'>49</span> <span class='ocrx_word' id='word_1_382' title='bbox 1551 2522 1592 2544; x_wconf 87' lang='lat' dir='ltr'>ex</span> 
     </span>
     <span class='ocr_line' id='line_1_44' title="bbox 157 2558 1593 2604; baseline -0.002 -11"><span class='ocrx_word' id='word_1_383' title='bbox 157 2562 311 2593; x_wconf 77' lang='lat' dir='ltr'>additum</span> <span class='ocrx_word' id='word_1_384' title='bbox 335 2562 418 2593; x_wconf 82' lang='lat' dir='ltr'>duce</span> <span class='ocrx_word' id='word_1_385' title='bbox 446 2561 608 2593; x_wconf 80' lang='lat' dir='ltr'>Cramero</span> <span class='ocrx_word' id='word_1_386' title='bbox 646 2559 659 2603; x_wconf 83' lang='grc' dir='ltr'>ΙΙ</span> <span class='ocrx_word' id='word_1_387' title='bbox 698 2564 738 2592; x_wconf 74' lang='lat'>20</span> <span class='ocrx_word' id='word_1_388' title='bbox 766 2561 975 2604; x_wconf 83' lang='lat' dir='ltr'>appearebit</span> <span class='ocrx_word' id='word_1_389' title='bbox 1002 2560 1028 2593; x_wconf 89' lang='lat' dir='ltr'><strong><em>C</em></strong></span> <span class='ocrx_word' id='word_1_390' title='bbox 1067 2560 1080 2603; x_wconf 86' lang='grc' dir='ltr'>ΙΙ</span> <span class='ocrx_word' id='word_1_391' title='bbox 1119 2563 1154 2592; x_wconf 75' lang='grc'>24</span> <span class='ocrx_word' id='word_1_392' title='bbox 1196 2561 1354 2592; x_wconf 83' lang='lat' dir='ltr'>diximus</span> <span class='ocrx_word' id='word_1_393' title='bbox 1384 2559 1423 2600; x_wconf 91' lang='lat' dir='ltr'>C,</span> <span class='ocrx_word' id='word_1_394' title='bbox 1457 2558 1593 2591; x_wconf 83' lang='lat' dir='ltr'>indica-</span> 
     </span>
     <span class='ocr_line' id='line_1_45' title="bbox 157 2603 1592 2649; baseline -0.003 -10"><span class='ocrx_word' id='word_1_395' title='bbox 157 2607 278 2639; x_wconf 89' lang='lat' dir='ltr'>uimus</span> <span class='ocrx_word' id='word_1_396' title='bbox 305 2607 417 2639; x_wconf 79' lang='lat' dir='ltr'>Boelh.</span> <span class='ocrx_word' id='word_1_397' title='bbox 441 2605 455 2649; x_wconf 84' lang='grc' dir='ltr'>ΙΙ</span> <span class='ocrx_word' id='word_1_398' title='bbox 478 2606 576 2649; x_wconf 91' lang='lat' dir='ltr'>quod</span> <span class='ocrx_word' id='word_1_399' title='bbox 602 2608 635 2639; x_wconf 87' lang='lat' dir='ltr'>et</span> <span class='ocrx_word' id='word_1_400' title='bbox 655 2606 836 2649; x_wconf 81' lang='lat' dir='ltr'>Goeschen,</span> <span class='ocrx_word' id='word_1_401' title='bbox 864 2609 947 2649; x_wconf 87' lang='lat' dir='ltr'>quia</span> <span class='ocrx_word' id='word_1_402' title='bbox 967 2610 1000 2638; x_wconf 88' lang='lat' dir='ltr'>et</span> <span class='ocrx_word' id='word_1_403' title='bbox 1023 2606 1079 2648; x_wconf 74' lang='lat' dir='ltr'>Cn,</span> <span class='ocrx_word' id='word_1_404' title='bbox 1105 2606 1202 2648; x_wconf 90' lang='lat' dir='ltr'>quod</span> <span class='ocrx_word' id='word_1_405' title='bbox 1222 2606 1335 2637; x_wconf 81' lang='lat' dir='ltr'>Boeth.</span> <span class='ocrx_word' id='word_1_406' title='bbox 1352 2603 1365 2647; x_wconf 81' lang='grc' dir='ltr'>ΙΙ</span> <span class='ocrx_word' id='word_1_407' title='bbox 1389 2607 1431 2636; x_wconf 78' lang='lat'>22</span> <span class='ocrx_word' id='word_1_408' title='bbox 1458 2605 1592 2637; x_wconf 87' lang='lat' dir='ltr'>ciuium</span> 
     </span>
     <span class='ocr_line' id='line_1_46' title="bbox 159 2650 1593 2695; baseline -0.002 -11"><span class='ocrx_word' id='word_1_409' title='bbox 159 2661 390 2685; x_wconf 88' lang='lat' dir='ltr'>romanorum</span> <span class='ocrx_word' id='word_1_410' title='bbox 417 2655 471 2685; x_wconf 81' lang='lat' dir='ltr'>est</span> <span class='ocrx_word' id='word_1_411' title='bbox 502 2653 559 2695; x_wconf 74' lang='lat' dir='ltr'>Cn,</span> <span class='ocrx_word' id='word_1_412' title='bbox 585 2662 817 2685; x_wconf 88' lang='lat' dir='ltr'>romanorum</span> <span class='ocrx_word' id='word_1_413' title='bbox 845 2654 900 2685; x_wconf 85' lang='lat' dir='ltr'>est</span> <span class='ocrx_word' id='word_1_414' title='bbox 926 2653 1060 2684; x_wconf 80' lang='lat' dir='ltr'>ciuium</span> <span class='ocrx_word' id='word_1_415' title='bbox 1092 2652 1202 2684; x_wconf 78' lang='lat' dir='ltr'>Boeth.</span> <span class='ocrx_word' id='word_1_416' title='bbox 1227 2650 1240 2693; x_wconf 80' lang='grc' dir='ltr'>ΙΙ</span> <span class='ocrx_word' id='word_1_417' title='bbox 1264 2653 1304 2682; x_wconf 76' lang='lat'>23</span> <span class='ocrx_word' id='word_1_418' title='bbox 1332 2660 1441 2692; x_wconf 87' lang='lat' dir='ltr'>quam</span> <span class='ocrx_word' id='word_1_419' title='bbox 1470 2651 1593 2691; x_wconf 61' lang='lat' dir='ltr'>Rome„</span> 
     </span>
     <span class='ocr_line' id='line_1_47' title="bbox 158 2697 320 2738; baseline 0 -8"><span class='ocrx_word' id='word_1_420' title='bbox 158 2698 258 2738; x_wconf 91' lang='lat' dir='ltr'>quod</span> <span class='ocrx_word' id='word_1_421' title='bbox 286 2697 320 2730; x_wconf 85' lang='lat' dir='ltr'>C.</span> 
     </span>
    </p>
   </div>
  </div>
 </body>
</html>
