1872 3095
934 197 1144 224 Vl—

164 310 365 361 legerant,
399 309 655 359 confirmare,
693 308 822 347 multa
864 310 1086 361 corrigere,
1127 321 1208 347 non
1239 321 1372 360 pauca
1401 309 1561 360 primus
1591 308 1733 362 legere

167 369 293 418 potui.
354 366 542 405 Attamen
574 369 743 416 propter
772 365 965 404 miseram
1000 366 1223 404 multarum
1262 365 1600 405 membranarum
1637 378 1734 405 con-

167 423 369 462 dicionem
408 422 547 461 multis
587 421 685 460 locis
726 422 846 460 etiam
883 434 994 460 nunc
1031 422 1134 461 adeo
1172 423 1256 460 hiat
1295 424 1422 460 oratio
1468 422 1640 473 Gaiana,
1688 427 1734 461 ut

168 482 245 519 nisi
278 481 347 532 qui
379 480 478 517 iuris
511 480 562 517 sit
592 478 935 529 consultissimus,
975 478 1127 518 edendi
1158 478 1231 518 Gai
1271 479 1452 517 officium
1491 479 1604 518 solus
1641 491 1734 518 sus-

168 538 305 587 cipere
336 548 417 574 non
450 535 611 573 debeat.
675 535 816 586 Itaque
849 547 942 573 cum
975 548 1049 586 ego
1082 535 1238 574 soleam
1270 541 1399 574 artem
1427 536 1607 574 criticam
1637 548 1734 574 con-

169 594 321 644 saeptis
359 592 604 643 philologiae
649 591 801 630 finibus
837 592 1059 630 terminare
1098 598 1138 631 et
1179 592 1566 631 iurisconsultorum
1610 591 1734 632 disci-

167 649 322 700 plinam
354 661 434 687 non
456 654 501 687 ut
522 660 654 687 meam
675 647 912 699 possideam
935 648 1011 687 sed
1034 654 1078 687 ut
1099 648 1276 687 alienam
1298 649 1530 699 libauerim,
1560 648 1733 688 Paulum

168 707 371 757 Krueger,
418 706 505 757 qui,
553 706 587 743 si
623 704 675 743 ab
713 704 1026 756 incomparabili
1056 705 1258 744 Theodori
1289 708 1514 745 Mommsen
1551 705 1733 745 sollertia

167 763 407 811 recesseris,
455 763 494 800 in
535 761 716 800 fontibus
747 762 848 800 iuris
885 762 1052 800 Romani
1089 762 1263 801 edendis
1300 762 1422 801 hodie
1461 761 1579 801 facile
1618 763 1734 813 prin-

167 821 299 870 cipem
342 818 477 857 locum
521 823 645 868 tenet,
691 818 888 869 precibus
933 818 1028 867 adii,
1078 824 1121 857 ut
1165 831 1254 858 eam
1294 820 1518 870 praecipue
1564 818 1733 858 editoris

165 876 434 927 prouinciam,
467 887 590 926 quam
623 874 675 913 ad
698 874 1068 914 administrandam
1089 877 1342 914 accuratiore
1370 877 1471 914 iuris
1503 877 1732 928 cognitione

167 944 271 983 opus
313 937 434 981 esset,
483 932 726 982 susciperet.
794 931 893 970 Inde
939 933 1064 983 igitur
1103 932 1155 971 ab
1201 944 1307 971 anno
1355 932 1462 971 1869
1509 932 1734 972 subsiciuis

168 989 363 1027 seriarum
385 988 495 1026 horis
514 988 702 1039 Krueger
726 992 767 1028 et
783 1001 858 1040 ego
876 988 1021 1028 Gaium
1046 1001 1126 1027 una
1147 990 1416 1028 tractauimus
1440 994 1481 1028 et
1510 989 1733 1028 editionem

166 1047 339 1096 primam
371 1044 629 1083 absoluimus
661 1044 740 1084 sub
773 1045 897 1084 finem
919 1046 1013 1084 anni
1038 1044 1159 1084 1873.
1197 1046 1329 1093 Quam
1352 1046 1574 1098 quominus
1597 1048 1732 1085 statim

167 1102 323 1153 publici
355 1102 453 1140 iuris
486 1102 730 1152 faceremus,
763 1114 845 1140 non
873 1103 1076 1154 Kruegeri
1105 1102 1228 1154 culpa
1259 1102 1346 1153 fuit,
1381 1102 1458 1142 sed
1489 1103 1730 1152 officiorum,

167 1171 273 1210 quae
305 1171 380 1210 ego
411 1158 476 1196 hic
506 1160 703 1210 sustineo,
734 1159 843 1198 mole
876 1158 1068 1198 effectum
1101 1164 1180 1208 est;
1219 1171 1327 1211 quae
1358 1164 1405 1198 ut
1434 1159 1531 1199 inde
1563 1159 1733 1199 demum

166 1215 218 1253 ab
260 1220 414 1254 aestate
457 1216 552 1253 anni
591 1213 698 1253 1876
735 1217 843 1267 typis
884 1215 1196 1255 describeretur
1234 1221 1274 1255 et
1313 1228 1418 1254 anno
1454 1215 1560 1254 1877
1591 1216 1733 1256 absol-

167 1276 339 1310 ueretur
369 1271 492 1310 editio
523 1273 656 1323 prima
676 1274 874 1323 permisit.
927 1273 1012 1312 Nec
1032 1272 1234 1312 Theodori
1255 1274 1480 1317 Mommsen
1501 1272 1735 1312 fidelissimi

167 1333 207 1366 et
237 1341 397 1367 summe
427 1328 653 1368 reuerendi
683 1330 802 1367 amici
833 1330 930 1368 mihi
962 1329 1094 1368 defuit
1115 1341 1260 1380 opera:
1292 1331 1326 1368 is
1350 1330 1460 1368 enim
1481 1330 1600 1369 annis
1625 1328 1734 1368 1876

166 1390 206 1423 et
246 1384 351 1423 1877
389 1385 569 1437 benigne
607 1390 648 1425 et
683 1387 818 1424 omnia
850 1398 897 1425 ea
933 1398 1042 1438 quae
1083 1385 1274 1424 nouanda
1314 1398 1406 1425 esse
1451 1387 1493 1425 in
1538 1391 1734 1426 contextu

165 1442 317 1480 Gaiano
356 1447 557 1493 censeret,
599 1442 819 1482 nobiscum
856 1443 1160 1481 communicare
1200 1441 1334 1482 uoluit
1371 1447 1412 1482 et
1451 1443 1485 1481 si
1522 1455 1605 1495 qua
1640 1455 1733 1495 gra-

164 1500 280 1537 uiora
315 1499 499 1538 inscitiae
531 1511 648 1539 meae
679 1498 823 1551 elapsa
859 1504 1000 1538 essent
1037 1499 1235 1538 indicauit
1270 1504 1310 1538 et
1341 1499 1606 1538 multifariam
1637 1512 1734 1539 con-

163 1555 264 1594 siliis
306 1555 477 1595 adiuuit.
543 1558 783 1595 Mommseni
817 1556 1127 1595 adnotationum
1171 1555 1397 1608 plerasque
1443 1569 1537 1596 cum
1582 1558 1734 1596 nostris

164 1614 355 1651 contexui
386 1612 593 1664 adscripto
624 1613 784 1665 ubique
815 1614 1054 1652 Mommseni
1086 1611 1301 1665 nomine2).

280 1670 372 1708 Post
401 1669 635 1709 absolutam
666 1682 772 1708 anno
806 1668 914 1708 1877
945 1669 1018 1708 Gai
1049 1669 1270 1708 editionem
1301 1669 1477 1720 primam
1509 1681 1604 1708 cum
1633 1669 1733 1709 mihi

166 1738 265 1764 uere
297 1726 390 1764 anni
424 1726 531 1765 1878
564 1731 604 1765 et
634 1731 789 1765 aestate
822 1727 917 1765 anni
951 1726 1056 1764 1883
1090 1726 1234 1765 liceret
1253 1727 1439 1765 Veronae
1472 1728 1731 1777 commorari,

163 1781 333 1821 Carolus
365 1795 502 1822 comes
535 1782 726 1832 Giuliari,
773 1783 1051 1822 bibliothecae
1083 1782 1322 1834 capitularis
1358 1783 1596 1834 praefectus
1632 1784 1732 1822 mihi

163 1840 456 1890 amicissimus,
500 1839 808 1891 liberalissime,
858 1845 902 1879 ut
932 1839 1038 1879 solet
1072 1841 1139 1879 uir
1175 1841 1389 1892 egregius,
1436 1841 1640 1891 permisit,
1686 1846 1733 1879 ut

162 1895 273 1934 locos
304 1896 526 1935 nonnullos
549 1896 801 1936 difficiliores
824 1896 962 1936 denuo
984 1909 1078 1935 cum
1100 1895 1241 1935 codice
1258 1898 1463 1947 >rescripto
1485 1896 1729 1936 conferrem.

164 1953 239 1990 Per
259 1965 413 2004 paucos
445 1966 497 1993 ex
517 1954 672 2005 paucis,
706 1966 812 2006 quos
833 1965 940 1992 anno
965 1953 1072 1992 1878
1094 1954 1282 1993 Veronae
1305 1952 1460 2005 degere
1481 1953 1582 1992 mihi
1603 1955 1730 1992 conti-

163 2009 230 2059 git,
251 2009 400 2049 diebus
418 2009 572 2049 laboris
595 2012 753 2049 socium
775 2022 868 2049 sese
885 2009 1034 2050 obtulit
1054 2010 1206 2049 Paulus
1224 2010 1424 2062 Krueger,
1447 2022 1524 2061 per
1543 2009 1732 2062 reliquos

163 2077 318 2117 eosque
357 2066 502 2117 plures
538 2067 652 2106 solus
694 2067 874 2106 officium
911 2067 1153 2106 conferendi
1192 2067 1381 2106 sustinui.
1443 2067 1505 2105 Ex
1533 2066 1731 2106 remediis

163 2121 368 2173 chemicis,
402 2123 556 2175 quibus
588 2125 676 2175 ipse
699 2123 795 2162 olim
816 2124 934 2163 annis
958 2123 1067 2162 1867
1099 2129 1140 2163 et
1172 2123 1279 2162 1868
1303 2135 1404 2162 usus
1427 2135 1553 2174 eram,
1586 2124 1731 2175 paucis

162 2177 260 2217 locis
292 2179 475 2219 codicem
505 2180 654 2220 leuiter
684 2181 929 2233 satigauerat
959 2180 1115 2220 kalium
1146 2180 1519 2232 sulphocyanatum
1555 2181 1729 2220 mixtum

163 2236 304 2286 paucis
336 2237 460 2288 guttis
493 2236 599 2276 acidi
629 2238 853 2287 muriatici;
892 2250 969 2276 nec
999 2242 1136 2276 tamen
1168 2239 1411 2276 commissae
1443 2238 1617 2276 iniuriae
1648 2238 1731 2276 urit

256 2381 286 2421 2)
313 2383 398 2414 »Gai
418 2382 676 2414 Institutiones.
713 2382 766 2414 Ad
785 2382 922 2414 codicis
941 2381 1161 2414 Veronensis
1187 2382 1433 2423 apographum
1451 2381 1730 2414 Studemundia·

163 2434 248 2457 num
270 2427 303 2457 in
323 2435 428 2458 usum
453 2428 656 2459 scholarum
683 2428 877 2460 ediderunt
894 2428 1024 2460 Paulus
1040 2427 1200 2468 Krueger
1224 2430 1259 2460 et
1277 2428 1475 2460 Guilelmus
1491 2427 1728 2460 Studemund.

164 2472 257 2501 Inest
273 2472 424 2512 epistula
444 2474 567 2504 critica
586 2473 766 2505 Theodori
785 2475 993 2505 Mommsen.
1025 2473 1179 2504 Berolini
1197 2473 1292 2514 apud
1307 2473 1577 2505 Weidmannos.
1604 2474 1725 2504 ⁴871«

163 2516 201 2547 In
235 2516 299 2547 bac
330 2518 482 2558 epistula
513 2519 635 2550 critica
663 2519 860 2550 Mommsen
890 2527 950 2550 eas
975 2517 1245 2550 obseruationes
1271 2520 1538 2559 composuerat,
1572 2526 1665 2558 quae
1690 2519 1726 2550 in

165 2562 242 2601 ipso
268 2565 440 2603 apparatu
466 2564 588 2595 critico
620 2563 788 2597 editionis
812 2573 831 2595 a
857 2564 960 2595 nobis
986 2573 1015 2595 a.
1043 2566 1129 2595 4877
1157 2566 1302 2596 curatae
1327 2564 1629 2596 commemoratae
1653 2572 1724 2595 non

164 2609 275 2638 erant.
325 2608 362 2638 In
394 2608 549 2640 editione
581 2609 708 2650 altera,
741 2618 850 2650 quam
881 2609 985 2641 annis
1011 2611 1096 2640 4883
1123 2611 1159 2640 et
1183 2611 1269 2641 4884
1297 2610 1520 2650 parauimus‚
1551 2607 1625 2640 fere
1650 2617 1727 2640 om-

166 2659 227 2682 nes
251 2651 498 2684 adnotationes
525 2654 836 2696 Mommsenianas,
861 2655 929 2686 nisi
955 2662 1046 2696 quae
1072 2655 1194 2686 iterata
1221 2654 1356 2687 codicis
1377 2653 1403 2686 C
1425 2654 1579 2686 lectione
1604 2655 1726 2686 irritae

165 2696 278 2728 sactae
305 2700 416 2739 erant,
443 2700 475 2729 in
503 2700 618 2740 ipsum
645 2701 855 2741 apparatum
881 2701 1048 2731 criticum
1075 2701 1290 2741 recepimus.
