1918 3110
682 205 790 212 .-
853 182 878 222 9
938 205 1051 210 m
1376 182 1582 222 1532—35

156 311 244 363 ipse
277 309 386 348 filius
418 309 520 348 ciuis
552 309 758 347 Romanus
790 307 853 358 sit,
888 307 982 359 quia
1025 318 1076 344 ex
1117 307 1207 344 ciue
1239 307 1418 344 Romana
1456 312 1584 345 matre

155 373 277 406 natus
321 371 406 419 est,
443 371 582 405 tamen
620 364 749 404 debet
785 375 952 403 causam
992 363 1192 415 probare,
1234 368 1282 402 ut
1320 375 1422 402 suus
1462 364 1585 403 heres

73 425 262 477 32³patri
292 423 373 463 fiat.
438 420 583 476 (quae)
615 434 717 461 uero
750 420 929 460 diximus
962 419 1014 459 de
1054 419 1137 459 filio
1178 417 1410 474 annicul<o,
1449 420 1583 459 eadem

155 486 191 521 et
220 480 267 519 de
293 481 380 532 filia
412 477 627 532 annicula>
661 478 769 518 dicta
799 477 1100 529 intellegemus.

72 535 142 578 32¹³
270 530 1619 592 l————-—————————{5

1428 588 1493 643 lid
1525 596 1589 629 est

156 652 260 691 fiunt
290 653 403 692 ciues
436 651 623 701 Romani,
663 651 695 689 si
727 651 877 689 Romae
909 651 1016 689 inter
1046 649 1195 701 uigiles
1227 661 1302 688 sex
1332 649 1449 687 annis
1480 648 1588 686 mili-

154 711 346 749 tauerint.
398 714 541 761 postea
569 707 719 748 dicitur
741 707 894 746 factum
926 718 1018 746 esse
1051 705 1470 757 senatusconsultum,
1505 717 1587 758 quo

158 766 253 806 data
299 771 361 806 est
407 766 487 805 illis
533 766 679 805 ciuitas
726 766 922 815 Romana,
970 764 1004 803 si
1048 764 1271 803 triennium
1309 763 1478 802 militiae
1515 775 1590 801 ex-

73 823 375 876 3220pleuerint.
448 824 550 862 Item
589 821 722 861 edicto
762 821 923 861 Claudii
964 821 1092 860 Latini
1132 822 1195 860 ius
1234 821 1454 867 Quiritium
1491 829 1642 858 con-⁴0

158 886 374 931 secuntur,
428 881 461 920 si
512 891 663 919 nauem
715 880 913 918 marinam
967 878 1301 930 aedificauerint,
1353 890 1461 930 quae
1506 889 1588 916 non

157 940 295 978 minus
327 950 453 990 quam
485 937 630 977 decem
661 936 774 975 milia
804 936 1033 975 modiorum
1057 935 1252 986 frumeuti
1275 936 1422 987 capiat,
1455 947 1588 987 eaque

157 996 276 1035 nauis
323 995 392 1035 uel
439 1006 548 1047 quae
587 995 626 1033 in
669 995 757 1033 eius
797 993 933 1032 locum
974 992 1200 1033 substituta
1236 994 1307 1042 sit,
1358 1004 1434 1032 seoe
1471 992 1588 1032 annis

92 1055 142 1093 33
158 1053 412 1092 frumentum
443 1053 611 1091 Romam
642 1052 882 1103 portauerit.
946 1052 1163 1090 Praeterea
1194 1063 1219 1089 α
1249 1051 1411 1089 Nerone
1443 1050 1591 1089 consti-

158 1114 284 1149 tutum
329 1114 409 1157 est,
459 1114 506 1149 ut
550 1109 583 1149 si
621 1109 786 1148 Latinus
831 1108 902 1161 qui
940 1109 1229 1159 patrimonium
1268 1108 1506 1147 sestertium
1546 1116 1643 1145 0045

158 1167 317 1206 milium
354 1166 543 1219 plurisue
580 1165 773 1216 habebit,
812 1166 851 1205 in
891 1165 998 1205 urbe
1032 1166 1153 1204 Roma
1195 1164 1360 1204 domum
1396 1163 1591 1204 aedifica-

157 1225 283 1275 uerit,
320 1224 361 1264 in
405 1236 527 1277 quam
566 1235 647 1262 non
686 1225 822 1262 minus
863 1235 988 1275 quam
1025 1228 1186 1274 partem
1225 1221 1432 1261 dimidiam
1463 1222 1592 1274 patri-

91 1284 140 1322 34
158 1283 282 1321 monii
313 1282 377 1321 sui
409 1281 665 1333 inpenderit,
700 1281 763 1320 ius
796 1281 1017 1327 Quiritium
1049 1284 1340 1332 consequatur.
1402 1280 1589 1331 Denique

158 1340 355 1379 Traianus
393 1339 623 1389 constituit,
662 1343 709 1377 ut
747 1338 781 1377 si
812 1339 982 1376 Latmus
1019 1338 1059 1376 in
1097 1337 1205 1376 urbe
1242 1336 1416 1375 triennio
1453 1337 1592 1388 pistri-

158 1409 257 1435 num
295 1397 545 1447 exercuerit,
589 1396 631 1434 in
668 1407 742 1447 quo
774 1395 815 1434 in
847 1393 935 1434 dles
968 1393 1152 1447 singulos
1184 1406 1265 1433 non
1297 1394 1434 1432 minus
1466 1405 1590 1446 quam
1605 1401 1645 1430 20

159 1458 353 1493 centenos
395 1453 546 1492 modios
585 1452 784 1492 frumentz
817 1453 1023 1504 pinseret,
1064 1451 1116 1491 ad
1148 1453 1212 1491 ius
1244 1451 1464 1498 Quiritium
1495 1462 1591 1502 per-

92 1513 143 1551 35
158 1508 329 1564 uenz'ssat.
351 1506 1588 1561 ——-—-——-———-———-———-——--[
1605 1523 1682 1556 pag.
1702 1515 1720 1545 9

158 1643 1335 1655 ἮΝΜΜΜΜΛΜὛΛκΧΝΜΜΜΜᾺ

250 1718 263 1747 4
288 1717 473 1748 concessiui
490 1717 659 1748 enuntiati
676 1716 806 1748 exitum
822 1723 1000 1755 superesse
1017 1717 1160 1756 constat,
1178 1714 1266 1754 quod
1279 1714 1486 1754 pertinuisse
1497 1715 1591 1745 uide-

159 1766 217 1794 tur
234 1762 278 1794 ad
295 1770 372 1794 eum
389 1770 519 1800 casum,
539 1770 605 1802 quo
617 1764 720 1802 patre
728 1761 850 1793 Latino
866 1763 1011 1801 morum,
1028 1763 1138 1792 matre
1156 1762 1229 1792 ciue
1240 1760 1394 1792 Romana
1411 1762 1593 1799 superstite

155 1809 265 1850 filius,
296 1810 393 1840 cuius
424 1816 529 1839 causa
550 1807 737 1847 probatur,
766 1808 837 1839 iam
867 1808 952 1839 ciuis
979 1806 1150 1838 Romanus
1175 1809 1225 1838 est
1254 1805 1270 1847 11
1303 1809 1320 1837 3
1347 1814 1440 1847 quae
1465 1814 1528 1837 om.
1558 1804 1592 1846 C,

159 1854 246 1894 conf.
275 1852 331 1885 0³¹³
364 1854 377 1894 ss
411 1854 496 1884 3-4
535 1853 704 1885 anniculo
741 1853 866 1885 eadem
904 1854 940 1884 et
976 1851 1020 1884 de
1056 1851 1128 1884 filia
1158 1851 1340 1891 annicula]
1374 1850 1521 1883 annicul
1558 1850 1593 1892 C,

160 1899 246 1940 conf.
275 1898 364 1940 casn
387 1901 474 1931 5-6
500 1899 599 1940 (cons.
623 1898 691 1938 cas)
721 1899 851 1930 collatis
875 1899 988 1930 uerbis
1012 1899 1145 1937 leiani
1167 1900 1200 1938 3,
1228 1902 1246 1930 5
1272 1899 1321 1930 ita
1345 1897 1418 1937 fere
1442 1897 1595 1937 suppleri

156 1953 256 1986 posse
295 1946 458 1977 uidentur
498 1945 684 1977 Huschkio:
727 1945 910 1976 Praeterea
947 1953 990 1976 ex
1031 1944 1107 1984 iege
1145 1942 1289 1975 Visellia
1329 1946 1399 1975 tam
1438 1944 1593 1974 maiores

160 1999 267 2033 quam
301 1991 458 2023 minoi-es
500 1991 642 2031 triginta
684 1999 861 2022 annorum
903 1990 1115 2021 manumissi
1165 1991 1200 2020 et
1240 1989 1354 2021 Latini
1403 1987 1489 2020 facti
1539 1989 1594 2020 ius

159 2036 351 2074 Quiritium
377 2037 639 2079 adipiscuntur,
695 2035 709 2076 u
764 2038 805 2067 40
849 2035 971 2068 claudi
1014 2034 1055 2078 C,
1094 2032 1194 2078 (diui)
1241 2034 1380 2067 Claudii
1429 2034 1594 2074 Huschke,

160 2081 247 2122 conf.
305 2083 377 2122 th.
429 2085 468 2123 5,
523 2086 541 2113 5
588 2081 603 2122 Ι]
651 2084 895 2114 consecuntur
949 2089 992 2113 ea:
1047 2083 1220 2113 secuntur
1271 2083 1462 2113 correctum
1513 2079 1537 2111 C
1584 2078 1596 2120 ΙΙ

162 2129 293 2159 42-43
330 2129 563 2168 supplementa
600 2137 644 2159 em
680 2130 782 2167 parte
818 2136 862 2158 ex
904 2127 972 2166 le.
1009 2129 1042 2168 3,
1081 2130 1100 2158 6
1136 2127 1337 2166 deprompta
1373 2129 1467 2167 sunt;
1508 2127 1594 2164 conf.

161 2175 264 2206 etiam
288 2173 455 2206 Scaeuola
481 2173 556 2214 Diy.
583 2178 636 2215 50,
663 2178 693 2214 5,
718 2172 830 2213 31142
857 2170 976 2214 capit?
1007 2172 1030 2204 C
1047 2173 1061 2213 ΙΙ
1082 2174 1120 2203 43
1142 2181 1208 2212 pro
1233 2173 1279 2203 sit
1298 2175 1413 2212 possis
1438 2173 1538 2203 etiam
1555 2172 1594 2202 de

162 2218 270 2251 fuerit
287 2220 473 2259 supplendo
492 2220 641 2260 coyitare
656 2216 668 2262 ss
686 2220 818 2251 ilo—⁴¹5
834 2218 1026 2258 suppletum
1045 2221 1094 2250 est
1112 2219 1232 2250 collato
1246 2218 1320 2251 Tac.
1335 2218 1458 2249 Annal.
1476 2214 1597 2258 {5‚43[l

163 2267 203 2296 45
229 2273 319 2305 seqq.
347 2264 433 2305 conf.
459 2273 546 2305 quae
571 2266 660 2297 dicta
685 2268 764 2296 sunt
788 2266 824 2296 in
849 2264 939 2296 Actis
958 2264 1118 2305 Philotoy.
1144 2264 1358 2304 Wircebury.
1384 2266 1491 2301 [1868)
1515 2271 1594 2302 pay.

163 2313 226 2345 428
243 2310 258 2351 ΙΙ
276 2313 317 2342 47
333 2319 441 2353 quam
458 2310 623 2352 Huschke,
638 2320 710 2352 quo
727 2310 752 2342 C
766 2310 780 2350 11
800 2312 839 2342 49
855 2310 1014 2342 traianus
1033 2309 1068 2351 C,
1087 2307 1219 2353 (diuus)
1232 2309 1407 2341 Traianus
1417 2308 1569 2339 Huschke
1586 2306 1598 2348 Η

162 2357 197 2387 24
231 2353 448 2390 frumentis?
470 2355 505 2398 C,
525 2356 610 2396 conf.
633 2356 692 2388 cas
709 2357 722 2397 u
740 2358 780 2387 22
800 2365 888 2395 seqq.
908 2373 954 2378 —
967 2364 1047 2397 pay.
1061 2358 1072 2386 4
1085 2358 1101 2386 0
1119 2357 1234 2387 uersi
1258 2356 1343 2387 med.
1367 2355 1473 2386 Gaius
1491 2355 1597 2394 egerit

161 2405 290 2441 oportet
326 2403 366 2434 de
401 2404 454 2443 iis,
490 2404 547 2441 qui
582 2402 740 2443 beneficio
772 2402 957 2442 principati
995 2403 1170 2433 ciuitatem
1202 2401 1390 2432 Romanam
1426 2401 1597 2440 accipiunt

166 2449 361 2486 (secundum
392 2449 572 2488 leianum
601 2450 639 2490 3,
671 2448 703 2488 2)
741 2450 772 2480 et
808 2447 1006 2486 (secundum
1037 2448 1218 2487 leianum
1246 2449 1285 2487 5,
1314 2446 1343 2486 4)
1381 2447 1421 2477 de
1455 2446 1598 2477 muliere

162 2493 285 2525 Latina
317 2497 370 2526 ter
401 2495 522 2535 enixa,
554 2502 640 2533 quae
670 2502 714 2525 eoe
744 2494 1038 2525 senatusconsulto
1069 2494 1242 2525 ciuitatem
1269 2493 1457 2524 Romanam
1481 2499 1598 2523 conse-

161 2541 287 2579 quitur.
340 2540 554 2579 Quamquam
584 2540 688 2579 spatii
718 2540 898 2580 angustiae
931 2539 1032 2579 (conf.
1061 2538 1130 2577 cas)
1162 2540 1227 2569 uia:
1256 2538 1413 2578 sufficere
1436 2538 1599 2569 uidentur

161 2585 206 2616 ad
236 2585 325 2617 hanc
355 2587 537 2617 materiam
568 2585 862 2625 complectendam.
913 2584 1043 2616 Deinde
1075 2588 1150 2625 post
1182 2585 1356 2625 definitam
1385 2584 1599 2615 iterationem

160 2632 439 2663 manumissionis
472 2631 570 2671 (conf.
599 2631 685 2670 Epit.
714 2634 743 2672 4,
771 2634 800 2672 Ι,
826 2634 862 2662 a:
904 2639 986 2662 nam
1013 2631 1126 2662 Latini
1155 2634 1385 2671 patronorum
1412 2628 1597 2669 beneficio,

163 2675 199 2707 id
234 2678 288 2707 est
324 2679 354 2708 si
393 2677 523 2708 iterum
555 2675 600 2708 ab
632 2677 717 2717 ipsis
748 2680 809 2708 aut
840 2678 1056 2708 testamento
1087 2678 1148 2707 aut
1180 2676 1216 2707 in
1250 2674 1405 2707 eeclesia
1431 2676 1493 2707 aut
1517 2676 1598 2705 ante

163 2722 346 2753 consulem
385 2723 703 2763 manumittantur,
741 2722 878 2754 ciuium
916 2722 1159 2754 Romanorum
1197 2721 1426 2763 priuilegium
1469 2729 1598 2752 conse-
