1918 3110
671 217 782 223 .-,-
845 196 924 236 129
984 219 1095 225 ,-.
1323 200 1599 239 nisiae-⁴22

169 322 380 373 sponsoris
413 324 453 359 et
482 318 830 370 fidepromissoris
862 319 984 359 heres
1024 333 1104 359 non
1143 326 1321 372 tenetur,
1360 326 1437 363 nisi
1477 327 1509 364 si
1549 325 1600 365 de

168 379 389 429 peregrino
428 376 764 427 fidepromissore
804 388 1072 428 quaeramus,
1119 383 1158 416 et
1204 378 1280 417 alio
1323 381 1411 418 iure
1459 383 1600 421 ciuitas

75 438 146 477 424
169 436 258 474 eius
294 439 441 473 utatur.
500 432 756 472 fideiussoris
789 439 926 471 autem
959 435 1080 472 etiam
1121 435 1242 474 heres
1273 442 1448 475 tenetur.
1501 440 1601 477 Item

169 503 346 543 sponsor
378 496 418 530 et
449 490 760 541 fidepromissor
791 489 880 541 lege
912 491 1034 528 Furia
1071 491 1237 531 biennio
1274 492 1523 544 liberantur,
1566 501 1605 533 et

170 553 375 600 quotquot
405 552 528 587 erunt
556 559 730 585 numero
763 559 811 585 eo
843 552 1047 597 tempore,
1089 561 1170 600 quo
1212 551 1388 600 pecunia
1419 552 1502 601 peti
1532 560 1633 602 po-5

168 611 270 657 test,
313 606 353 644 in
390 610 447 643 tot
486 609 624 656 partes
662 603 875 643 diducitur
911 605 1017 642 inter
1056 618 1125 644 eos
1158 605 1351 658 obligatio
1383 612 1424 645 et
1454 607 1605 659 singuli

170 660 253 715 <ίη>
292 662 437 701 uiriles
474 666 613 713 partes
651 659 890 713 obliyantur.
956 661 1221 701 fideiussores
1259 675 1360 702 uero
1400 670 1603 715 perpetuo

168 724 382 769 tenentur,
425 723 465 758 et
504 722 708 770 quotquot
746 722 868 756 erunt
907 730 1097 768 numer0‚
1146 720 1298 771 singuli
1344 722 1384 759 in
1425 721 1604 760 solidum

166 775 180 830 ΙΙ
197 776 446 828 obligantur.
508 776 648 826 itaque
680 774 859 814 liberum
892 780 955 813 est
985 775 1176 814 creditori
1209 789 1229 814 a
1263 790 1344 828 quo
1376 778 1480 816 uelit
1509 778 1769 823 soh-pagam

170 833 271 872 dum
303 838 457 884 petere.
519 832 595 871 sed
625 844 737 870 nunc
768 845 821 871 ex
852 831 1027 883 epistula
1070 832 1155 871 diui
1188 833 1388 872 Hadriani
1415 834 1657 886 conpelli—40

170 899 237 929 tur
283 890 463 929 creditor
507 901 530 928 a
576 888 749 941 singulis
807 889 878 941 qui
924 889 1045 927 modo
1091 889 1293 929 soluendo
1347 892 1428 930 sint
1471 897 1603 943 parles

169 952 324 999 petere.
387 960 434 985 eo
473 947 598 998 igitur
635 945 757 985 distat
788 946 891 985 baec
922 946 1100 996 epistula
1132 959 1154 984 a
1190 947 1281 999 lege
1314 949 1449 999 Furia,
1490 948 1602 1000 quod

169 1005 203 1043 si
236 1005 328 1056 quis
362 1016 415 1043 ex
445 1002 719 1055 sponsoribus
751 1008 821 1042 aut
852 1002 1260 1054 fidepromissoribus
1292 1005 1494 1044 soluendo
1521 1018 1603 1044 non

170 1062 232 1112 sit,
266 1061 343 1100 hoc
374 1072 478 1099 onus
510 1060 563 1099 ad
594 1058 763 1114 <ceteros
793 1073 872 1098 non
890 1061 1084 1111 pertinet,·
1118 1061 1186 1099 sed
1217 1073 1271 1100 eoe
1299 1061 1602 1112 fideiussoribus

167 1119 243 1157 etsi
270 1130 378 1156 unus
410 1118 567 1156 tantum
589 1115 778 1156 soluendo
799 1118 864 1166 sit,
897 1117 950 1154 ad
969 1115 1076 1155 hunc
1097 1115 1217 1170 onus>
1246 1124 1477 1157 ceterorum
1501 1126 1658 1171 quo-45

57 1178 252 1227 ⁴2l³que
288 1175 481 1226 pertinet.
542 1173 626 1214 Sed
666 1186 760 1213 cum
803 1174 871 1213 lex
903 1175 1023 1213 Furia
1063 1179 1220 1213 tantum
1250 1176 1290 1213 in
1322 1175 1433 1214 Italia
1465 1176 1602 1215 locum

169 1232 339 1283 babeat,
382 1232 522 1271 euenit
557 1236 604 1270 ut
639 1232 680 1270 in
718 1232 871 1270 ceteris
906 1233 1131 1283 prouinciis
1172 1243 1393 1283 sponsores
1434 1246 1601 1285 quoque

170 1296 211 1329 et
241 1289 600 1340 fidepromissores
631 1287 807 1339 proinde
839 1300 886 1327 ac
916 1288 1184 1328 fideiussores
1207 1295 1413 1341 perpetuo
1435 1296 1604 1328 tenean-

170 1351 239 1385 tur
270 1351 311 1385 et
341 1345 491 1397 singuli
521 1347 562 1384 in
594 1345 769 1384 solidum
802 1345 1058 1397 obligentur,
1100 1347 1177 1384 nisi
1218 1359 1269 1384 ex
1308 1347 1484 1397 epistula
1517 1347 1602 1385 diui

75 1407 156 1446 422
172 1403 367 1442 Hadriani
406 1403 448 1441 hi
485 1414 648 1454 quoque
682 1402 936 1441 adiuuentm·
973 1404 1014 1441 in
1056 1409 1184 1454 parte.
1248 1404 1460 1442 Praeterea
1497 1405 1603 1442 inter
1618 1410 1657 1439 20

171 1472 394 1512 sponsores
427 1464 467 1499 et
498 1459 857 1511 fidepromissores
892 1459 962 1498 lex
991 1458 1193 1510 Appuleia
1234 1460 1440 1512 quandam
1480 1462 1605 1499 socie-

168 1524 295 1557 tatem
336 1516 576 1556 introduxit.
643 1529 738 1555 nam
776 1517 810 1556 si
846 1518 940 1569 quis
979 1517 1127 1556 horum
1167 1516 1263 1568 plus
1304 1529 1378 1556 sua
1416 1519 1602 1569 portione

170 1575 361 1625 soluerit,
413 1574 464 1613 de
514 1586 561 1613 eo
605 1574 718 1626 quod
762 1574 939 1625 amplius
986 1573 1148 1612 dederit
1194 1574 1397 1612 aduersus
1444 1580 1601 1613 ceteros

169 1633 350 1671 actiones
387 1631 608 1670 constituit.
668 1643 776 1683 quae
814 1631 883 1670 lex
923 1635 1016 1670 ante
1057 1630 1191 1683 legem
1223 1632 1384 1670 Furiam
1416 1631 1497 1670 lata
1528 1637 1601 1682 est,

169 1702 253 1742 quo
284 1694 471 1739 tempore
502 1689 543 1727 in
575 1687 755 1727 solidum
787 1687 1091 1740 obligabantur.
1151 1687 1262 1726 unde
1294 1689 1519 1739 quaeritur,
1552 1701 1602 1726 an
1616 1695 1657 1725 25

168 1752 265 1799 post
294 1746 430 1797 legem
451 1746 614 1784 Furiam
646 1745 784 1784 adhuc
808 1745 913 1797 legis
934 1745 1165 1796 Appuleiae
1187 1745 1436 1783 beneficium
1459 1757 1605 1795 super-

170 1805 233 1843 sit.
287 1808 327 1842 et
347 1804 493 1854 utique
515 1807 630 1841 extra
652 1802 813 1841 Italiam
836 1807 1039 1853 superest.
1087 1814 1181 1840 nam
1204 1801 1271 1840 lex
1293 1801 1460 1853 quidem
1485 1803 1604 1840 Furia

167 1865 328 1899 tantum
360 1861 402 1898 in
433 1858 546 1898 Italia
579 1859 706 1909 ualet,
740 1858 945 1911 Appuleia
976 1871 1078 1898 uero
1111 1860 1230 1898 etiam
1262 1860 1301 1897 in
1334 1860 1480 1897 ceteris
1510 1870 1605 1909 pro-

170 1918 331 1956 uinciis.
383 1915 458 1955 sed
490 1928 541 1955 an
573 1917 694 1955 etiam
716 1915 805 1968 (in)
827 1916 950 1955 Italia
969 1915 1220 1955 beneficium
1246 1915 1350 1967 legis
1373 1914 1601 1966 Appuleiae

170 1975 366 2025 supersit,
397 1973 523 2012 ualde
556 1974 783 2026 quaeritur.
845 1973 900 2012 ad
929 1973 1185 2024 fideiussores
1212 1977 1341 2010 autem
1372 1972 1440 2010 leaf
1462 1972 1656 2023 Appu-3o

167 2054 1459 2066 mammmmmmmmmmvcxm
1467 2054 1526 2062 »Ἃ
1531 2054 1603 2062 »Ἢ

263 2080 282 2120 ξ
309 2082 366 2111 424
399 2079 483 2111 inde
508 2079 554 2112 ab
580 2082 599 2111 8
625 2083 783 2119 quotquot
807 2088 922 2120 usque
947 2079 992 2111 ad
1017 2082 1059 2110 42
1081 2083 1196 2118 petere
1221 2091 1261 2106 =
1288 2079 1370 2109 Inst.
1399 2080 1428 2118 3,
1454 2080 1508 2118 20,
1536 2080 1564 2110 4.

939 2134 983 2142 NJ
990 2132 1470 2143 „m-wavvvmwnm

265 2179 281 2207 3
307 2176 530 2208 fideiussoris
561 2185 605 2207 ex
634 2174 877 2208 fidesiussoris
906 2179 1097 2207 correctum
1130 2174 1154 2206 C
1179 2174 1193 2215 ΙΙ
1223 2175 1239 2204 4
1271 2173 1348 2212 lege
1380 2173 1478 2204 Furia
1514 2173 1602 2204 Goe-

169 2224 283 2261 schen,
307 2222 497 2263 legfuriam
527 2221 551 2253 C
567 2221 581 2262 ss
600 2224 618 2252 6
645 2220 841 2262 diducitur]
870 2221 1063 2253 deducitur
1090 2219 1114 2251 C
1133 2219 1149 2260 u
1173 2223 1188 2250 7
1217 2222 1252 2250 in
1275 2219 1403 2250 addidit
1422 2218 1574 2250 Huschke
1590 2217 1602 2260 ΙΙ

172 2269 378 2309 obligantur
408 2267 589 2307 Boeckiny,
627 2267 850 2299 hocabentur
885 2267 909 2299 C
940 2267 954 2307 n
988 2269 1005 2298 6
1042 2266 1149 2297 uerba
1185 2267 1218 2296 et
1253 2264 1383 2304 singuli
1413 2266 1478 2293 —7
1511 2263 1601 2295 obli-

173 2317 302 2354 gantur
342 2314 428 2345 delet
469 2313 640 2344 Polenaar
676 2312 689 2351 u
746 2315 764 2343 9
811 2312 1019 2352 obligantur
1063 2311 1101 2352 C,
1145 2312 1312 2342 tenentur
1356 2310 1434 2340 Inst.
1475 2309 1487 2348 ΙΙ
1535 2312 1600 2339 9-

173 2363 216 2392 42
253 2360 424 2399 suppleuit
457 2358 626 2390 Goeschen
660 2367 704 2390 eoe
742 2359 822 2390 Inst.
856 2358 869 2396 ll
903 2361 937 2389 Η
981 2358 1054 2388 sint
1088 2356 1127 2397 C,
1165 2358 1235 2387 sint
1272 2356 1341 2386 litis
1379 2355 1599 2386 contestatae

171 2408 334 2447 tempore
372 2405 452 2435 Inst.
484 2403 499 2444 ΙΙ
532 2405 663 2434 44-45
700 2401 741 2446 (>
777 2404 924 2444 exempli
958 2404 1074 2443 qratia
1110 2402 1238 2432 addidit
1272 2401 1473 2433 Mommseru
1512 2400 1600 2430 alias

173 2452 352 2491 supplendi
381 2452 458 2481 uias
486 2452 607 2490 patere
637 2453 902 2481 consentaneum
934 2451 983 2480 est
1004 2447 1018 2487 {l
1041 2449 1081 2478 ⁴7
1116 2445 1264 2485 oeteo-is}
1301 2445 1339 2485 C,
1373 2445 1458 2484 conf.
1493 2444 1600 2475 Gaius

170 2499 204 2537 3,
233 2499 296 2530 {22
313 2497 398 2527 med.
424 2494 529 2534 (infra
552 2503 641 2526 uers.
669 2496 737 2535 28);
770 2496 828 2526 sed
850 2494 999 2534 fortasse
1022 2496 1164 2531 utroque
1189 2492 1259 2522 loco
1285 2491 1411 2521 ceteris
1443 2499 1488 2520 ex
1510 2490 1599 2528 falso

172 2544 373 2583 ylossemate
396 2541 535 2580 irrepsit
551 2539 566 2580 ΙΙ
583 2542 624 2571 48
650 2540 836 2581 perpetuo]
865 2541 900 2570 in
927 2540 1098 2580 perpetuo
1118 2537 1142 2569 C
1163 2536 1177 2576 l!
1201 2539 1240 2566 <20
1269 2544 1409 2576 quoque
1437 2535 1598 2570 Huschke,

173 2586 243 2629 ff?
269 2588 300 2628 (i.
327 2596 353 2619 e.
379 2584 571 2627 quocumP)
608 2584 632 2617 C
653 2585 668 2626 ΙΙ
691 2586 908 2617 adiuuentur
938 2586 971 2615 in
1004 2586 1103 2624 parte
1126 2590 1201 2612 cum
1231 2580 1255 2612 C
1278 2590 1343 2611 nou
1374 2582 1445 2610 sine
1470 2580 1600 2611 dubita-

171 2637 262 2666 tione
291 2634 456 2672 scriptum
489 2634 538 2663 est
561 2631 574 2670 ΙΙ
600 2633 640 2662 28
673 2632 802 2662 ceteris
832 2630 869 2670 C,
903 2629 989 2668 conf.
1021 2631 1133 2659 tamen
1163 2635 1248 2665 quae
1279 2627 1321 2656 ad
1358 2625 1421 2656 Gai
1450 2628 1482 2665 5,
1519 2628 1600 2657 {212⁵

173 2680 292 2719 (supra
309 2679 353 2710 ad
370 2686 461 2709 uers.
489 2678 540 2716 47)
558 2678 722 2709 adnotata
738 2679 817 2707 sunt
834 2676 848 2715 n
865 2678 906 2706 29
927 2676 960 2705 in
981 2672 1088 2713 ltalia]
1107 2670 1195 2703 alis?
1217 2671 1251 2712 C,
1279 2670 1373 2702 italis
1395 2671 1577 2702 Mommsen
1592 2670 1605 2711 ΙΙ

173 2727 214 2756 3ο
247 2724 480 2756 fideiussores
505 2726 624 2754 autem
650 2723 705 2754 lex
730 2722 878 2760 emempli
901 2721 1015 2759 qratia
1038 2719 1229 2757 suppletum
1255 2720 1313 2748 est.

241 2790 340 2816 vas.
1311 2787 1328 2814 9
