1892 3095
322 973 346 1006 c

321 1031 424 1062 c¹=

321 1086 424 1120 c2=

849 622 1206 668 INDEX

580 769 868 796 PRAECIPVARVM
899 769 1078 795 NOTARVM
1111 768 1244 802 QVIBVS
1275 768 1331 794 vs!
1365 767 1481 794 SVMVS

452 973 566 1004 codex
590 971 806 1004 Veronensis
832 971 1028 1011 rescriptas

452 1029 612 1061 eiusdem
639 1027 775 1060 codicis
801 1036 927 1059 manus
951 1029 1067 1068 prima

452 1086 613 1118 eiusdem
639 1085 776 1117 codicis
801 1086 984 1116 corrector
1007 1085 1144 1126 primae
1171 1086 1291 1117 manui
1317 1084 1389 1117 fere
1416 1094 1573 1117 coaeuus

320 1144 363 1176 Cn
385 1157 426 1171 =
454 1143 548 1174 idem
574 1142 688 1174 codex
712 1143 748 1173 in
777 1142 830 1174 eis
847 1141 947 1183 locis,
973 1141 1034 1173 ubi
1053 1143 1146 1173 notis
1164 1141 1402 1174 sollemnibus
1421 1142 1667 1182 compluribus
1685 1141 1740 1174 uel

453 1199 602 1240 singulis
626 1201 681 1231 usi
709 1201 793 1231 sunt
818 1198 957 1230 librarii

319 1258 361 1291 Ca
385 1271 426 1284 =
452 1257 589 1289 codicis
615 1256 829 1288 Veronensis
860 1255 1106 1297 apographum
1137 1255 1487 1288 Studemundianum
1522 1255 1628 1295 (anno
1658 1257 1737 1287 ¹874

452 1313 590 1354 publici
616 1314 704 1345 iuris
729 1312 874 1351 factum)

319 1371 424 1403 Can-
452 1371 699 1412 supplementa
730 1369 776 1402 ad
808 1369 946 1401 codicis
970 1369 1185 1401 Veronensis
1216 1369 1460 1410 apographum
1486 1369 1741 1401 Studemundi·

314 1541 389 1584 ‹>

315 1654 389 1697 [1

450 1437 558 1459 anum
589 1436 682 1459 anno
710 1429 794 1458 4878
828 1428 863 1457 et
895 1427 979 1457 4883
1011 1434 1031 1457 a
1055 1425 1305 1457 Studemundo
1335 1426 1496 1460 Veronae
1527 1426 1674 1458 collecta
1707 1429 1742 1458 et

450 1486 534 1517 huic
559 1484 706 1516 editioni
734 1484 932 1526 praemissa

448 1542 503 1573 his
528 1542 671 1573 uncinis
697 1550 788 1582 quae
814 1541 1089 1582 circumscripta
1115 1542 1208 1582 sunt,
1236 1548 1255 1571 a
1277 1539 1450 1571 Cabsunt
1473 1539 1622 1571 lacunae
1641 1539 1741 1579 signo

451 1599 549 1631 nullo
576 1598 701 1630 relicto

449 1656 503 1687 his
528 1656 670 1686 uncinis
698 1663 789 1695 quae
817 1654 1089 1695 circumscripta
1110 1655 1202 1693 sunt,
1230 1653 1360 1685 tradita
1380 1653 1527 1694 quidem
1545 1652 1683 1684 suntin
1705 1651 1741 1693 C,

449 1712 510 1744 sed
537 1713 662 1744 abesse
688 1713 866 1745 debebant

305 1767 393 1808 Aug.
412 1781 452 1794 =
472 1769 719 1809 Interpretatio
745 1768 1078 1809 Augustodunensis
1105 1769 1194 1809 (pag.
1212 1769 1301 1800 XLII
1320 1769 1408 1809 sqq.)

308 1826 391 1857 Coll.
412 1840 450 1852 =
472 1825 619 1857 Collatio
647 1826 764 1865 legum
792 1825 1025 1856 Mosaicarum
1053 1826 1087 1856 et
1113 1824 1350 1855 Romanarum

307 1883 449 1923 Epit.=
469 1882 633 1922 Epitome
659 1881 731 1922 Gai,
757 1890 848 1922 quae
873 1882 969 1913 extat
993 1881 1028 1913 in
1054 1881 1129 1922 lege
1155 1881 1310 1912 Romana
1335 1879 1618 1919 wisigothorum

312 1943 385 1982 Dig.
419 1955 459 1968 =
480 1941 620 1982 Digesta
646 1939 832 1971 Iustiniani

314 2000 396 2030 lnst.
419 2012 459 2025 =
480 1998 725 2029 Institutiones
751 1996 952 2028 Iustiniani.

314 2055 390 2086 Alia
417 2055 501 2087 uide
527 2055 561 2086 in
589 2053 821 2095 praefatione.
