1892 3095
229 467 279 505 80

229 638 272 675 Si
296 647 430 686 posse.
476 635 658 686 Ideoque
691 636 724 674 si
757 634 924 685 quando
955 634 1104 673 mulier
1134 639 1320 674 mutuam
1351 636 1570 686 pecuniam
1600 634 1723 674 alicui

229 809 278 846 82
295 805 600 857 obligationem.
666 804 718 844 At
767 806 801 844 si
845 804 1034 856 pupillus
1082 805 1391 855 idemiecerit,
1447 803 1454 858 Ι
1509 805 1605 857 quia
1641 813 1778 844 nonio

295 170 324 201 11
342 170 563 210 §seso-83
808 192 922 199 —
979 170 1034 211 60
1092 192 1205 200 ..-

296 301 375 344 est,
419 300 466 333 ut
501 295 644 334 ficeret
681 294 872 334 creditori
908 295 1060 346 pignus
1098 294 1306 346 uendere,
1354 295 1388 334 si
1422 295 1599 346 pecunia
1639 306 1722 335 non

296 351 492 390 soluatur.

410 419 445 446 n.
478 421 511 447 v.
545 421 593 447 DE
624 420 795 446 PvpiLLls
825 420 874 446 AN
905 420 1063 453 Avam
1095 421 1118 446 A
1149 420 1190 446 sn
1221 419 1410 446 Ammius
1440 407 1632 460 Possum]
1734 422 1812 455 pag.
1830 415 1873 446 7⁸

407 465 526 504 Nunc
562 464 811 503 admonendi
843 476 987 504 sumus
1018 476 1157 516 neque
1189 464 1383 503 feminam
1413 477 1551 517 neque
1582 465 1724 517 pupil-

296 521 381 561 lum
428 523 516 560 sine
553 523 699 560 tutoris
741 523 981 560 auctoritate
1020 533 1108 560 rem
1146 522 1323 572 mancipi
1359 521 1541 560 alienare
1578 531 1754 572 posse;5

294 591 371 617 nec
422 580 597 629 mancipi
636 590 738 617 uero
769 578 963 617 feminam
1003 577 1172 629 quidem
1209 590 1350 629 posse,
1391 577 1600 629 pupillum
1641 590 1723 617 non
1888 582 1892 610 ἲ

296 694 383 730 sine
426 693 572 730 tutoris
612 692 853 730 auctoritate
895 691 1076 738 dederit,
1124 693 1221 743 quia
1261 692 1356 730 facit
1394 704 1482 731 eam
1521 692 1724 742 accipien-

295 750 363 797 tis,
412 760 506 786 cum
551 748 707 787 scilicet
748 749 924 799 pecunia
969 759 1037 787 res
1073 760 1150 787 nec
1186 750 1363 799 mancipi
1403 750 1476 800 sit,
1522 749 1724 787 contrabit

290 862 392 912 facit
421 862 654 913 accipientis
685 873 1058 911 5----,
1099 861 1257 901 nullam
1289 863 1294 913 Ι
1330 862 1538 901 contrahit
1566 861 1724 914 obliga-

293 919 464 967 tionem3
516 918 630 957 unde
681 918 866 970 pupillus
918 917 1130 957 uindicare
1176 919 1345 970 quidem
1388 930 1581 958 nummos
1626 930 1724 957 suos

293 979 445 1026 potest,
495 975 629 1014 sicubi
674 980 835 1026 extent,
881 975 923 1014 id
957 973 963 1027 Ι
1000 980 1062 1014 est
1107 987 1174 1014 eos
1219 980 1359 1026 petere
1404 987 1500 1014 suos
1543 986 1598 1014 eae
1634 976 1723 1014 iure

294 1032 514 1078 Quiritium
558 1043 642 1071 esse
672 1029 1570 1082 ————-—l————-—-—
1604 1043 1726 1082 repe—

294 1094 381 1127 tere
416 1093 553 1139 potest
590 1084 1097 1135 s———ltere
1173 1088 1284 1128 uude
1331 1088 1383 1128 de
1427 1087 1586 1140 pupillo
1633 1089 1780 1140 qui-⁴5

295 1145 390 1184 dem
428 1146 662 1197 quaeritur,
705 1156 755 1184 an
793 1142 1160 1198 num—l—quos
1196 1152 1362 1184 mutuos
1403 1145 1536 1196 dedit,
1584 1145 1637 1184 ab
1675 1157 1723 1184 eo

296 1203 367 1253 qui
398 1203 563 1253 accepit,
596 1224 867 1229 ————
892 1200 898 1254 Ι
924 1224 1231 1230 ---——————
1251 1204 1409 1241 actione
1432 1213 1502 1241 eos
1523 1202 1723 1254 persequi

228 1263 278 1300 83
294 1260 435 1309 possit,
469 1259 664 1311 quoniam
693 1256 1453 1308 —l———-——-——
1474 1263 1621 1309 potest.
1673 1258 1726 1296 At

296 1328 348 1354 ex
390 1317 593 1354 contrario
627 1314 632 1368 Ι
665 1327 798 1354 omnes
834 1327 901 1355 res
937 1320 1019 1354 tam
1059 1316 1236 1367 mancipi
1274 1326 1393 1367 quam
1428 1327 1507 1354 nec
1547 1315 1779 1366 mancipiis

295 1371 536 1411 mulieribus
568 1370 585 1424 ΙΙ
614 1377 656 1411 et
700 1371 873 1424 pupillis
915 1373 999 1411 sine
1035 1373 1182 1412 tutoris
1219 1373 1460 1411 auctoritate
1493 1371 1600 1411 solui
1629 1383 1726 1424 pos·
1739 1386 1815 1419 pag.
1835 1376 1877 1411 76

385 1485 404 1524 ξ
432 1486 470 1515 80
504 1485 580 1517 init.
611 1483 684 1516 sere
708 1497 748 1511 =
774 1484 859 1516 lust,
887 1486 916 1524 2,
944 1487 974 1526 8,
1001 1487 1020 1516 2
1054 1485 1068 1525 ΙΙ
1099 1485 1119 1525 ξ
1137 1487 1174 1517 84
1210 1485 1286 1520 init.
1318 1486 1353 1517 et
1381 1485 1402 1525 ἓ
1421 1486 1462 1517 82
1488 1484 1564 1516 init.
1590 1483 1663 1516 fere
1681 1496 1724 1511 =

295 1530 379 1562 [nst.
407 1533 437 1571 Ξ,
463 1532 494 1571 8,
521 1532 539 1560 2
564 1528 577 1572 ΙΙ
599 1530 620 1570 ἓ
638 1532 678 1561 83
707 1530 782 1561 init.
809 1529 901 1561 conf.
928 1531 1011 1562 Inst.
1038 1533 1068 1572 2,
1095 1533 1126 1572 8,
1152 1533 1185 1561 2.

388 1633 404 1660 3
438 1631 525 1662 hanc
556 1631 733 1662 rubricam
769 1633 962 1671 quintam
994 1640 1058 1671 quo
1095 1633 1170 1663 iure
1198 1631 1317 1672 fecerit
1346 1631 1510 1663 librarius
1541 1629 1623 1671 (0¹),
1659 1631 1726 1662 dici

294 1678 419 1717 nequit,
444 1677 524 1716 quia
547 1677 699 1716 reliquae
727 1678 906 1716 perierunt
933 1674 946 1718 ΙΙ
977 1679 994 1706 9
1022 1678 1175 1718 pecunia
1203 1676 1366 1717 Huschke,
1392 1685 1433 1708 ea
1457 1673 1637 1717 pecunia?
1667 1674 1726 1718 011

296 1724 330 1752 44
363 1723 596 1762 supplementa
627 1722 683 1759 (ex
708 1721 787 1753 Inst.
813 1721 981 1761 deriuata)
1010 1724 1142 1754 incerta
1171 1726 1266 1763 sunt,
1299 1722 1384 1761 conf.
1415 1720 1457 1754 C³
1481 1724 1512 1752 et
1539 1720 1615 1762 C²S;
1645 1730 1726 1753 sen-

297 1769 404 1799 tentia
434 1768 564 1808 suadet,
595 1770 633 1798 ut
663 1775 839 1798 sumamus
863 1768 946 1799 haec
970 1768 1083 1807 aliquo
1106 1769 1204 1799 modo
1229 1768 1438 1807 expressisse
1466 1765 1608 1799 Gaium:
1640 1768 1723 1808 quia

295 1813 486 1853 pecuniam
512 1812 610 1852 (conf.
638 1812 728 1850 Inst.)
765 1821 835 1843 non
862 1812 946 1844 facit
967 1813 1176 1853 accipientis
1202 1813 1290 1852 (sine
1314 1813 1444 1844 tutoris
1468 1812 1689 1851 auctoritate)
1715 1809 1728 1854 ΙΙ

299 1860 339 1888 42
370 1857 529 1899 pupillus
559 1857 706 1898 quidem
737 1858 924 1889 uindicare
953 1859 1092 1890 uidetur
1121 1859 1351 1899 scribendum,
1388 1858 1475 1897 conf.
1506 1866 1593 1897 quae
1618 1857 1725 1898 paulo

295 1903 391 1942 infra
415 1904 459 1934 ud
484 1905 618 1934 43-48
642 1903 805 1935 adnotata
829 1907 907 1935 sunt
924 1903 936 1943 11
956 1906 995 1933 43
1023 1903 1095 1943 e(os
1119 1900 1278 1945 metere?
1306 1902 1339 1943 C,
1361 1911 1426 1942 pro
1451 1911 1516 1942 quo
1538 1903 1725 1934 intendere

294 1949 438 1980 uerbum
461 1950 664 1980 sententiam
688 1949 876 1988 simplicius
901 1950 1109 1988 exprimeret
1139 1949 1153 1989 ΙΙ
1186 1950 1318 1980 43-48
1356 1949 1415 1980 hoc
1450 1949 1522 1988 fere
1552 1949 1650 1980 modo
1681 1949 1726 1980 ad

295 1996 498 2025 sententiam
522 1995 676 2033 suppleri
696 1997 855 2034 possunt:
895 1994 939 2026 id
971 1995 1035 2027 est
1067 2002 1130 2026 eos
1162 1996 1298 2036 petere
1330 2001 1419 2026 suos
1444 2002 1489 2025 ex
1511 1993 1603 2025 iure
1628 1993 1726 2031 Qui-

294 2039 441 2071 ritium
465 2047 560 2079 esse;
591 2039 728 2071 mulier
750 2048 839 2071 uero
864 2040 1014 2071 minime
1038 2039 1106 2071 hoc
1132 2040 1242 2071 modo
1267 2041 1454 2078 repetere
1478 2040 1632 2080 potest,
1657 2039 1725 2070 sed

296 2087 360 2116 ita:
388 2084 465 2115 dari
491 2084 560 2115 sibi
587 2082 788 2126 oporltere.
828 2084 932 2117 unde
956 2084 1007 2117 de
1030 2085 1192 2124 pupillo
1216 2084 1384 2124 quidem
1408 2084 1636 2122 quaeritur,
1659 2092 1726 2122 an,

296 2131 324 2161 si
349 2130 501 2161 nummi
529 2131 574 2164 (in
601 2129 625 2161 C
647 2130 753 2169 fuerit
777 2127 959 2173 nummijsi
980 2139 1045 2170 pro
1061 2133 1090 2162 si
1111 2131 1272 2171 nummi),
1296 2138 1393 2169 quos
1410 2132 1577 2162 mutuos
1594 2129 1726 2168 dedit,

295 2175 348 2207 ab
385 2183 432 2207 eo
469 2175 542 2213 qui
577 2175 746 2214 aceepit,
785 2177 989 2217 consumpti
1028 2174 1033 2218 Ι
1072 2178 1170 2216 sunt,
1204 2176 1329 2216 aliqua
1352 2175 1514 2208 actione
1539 2183 1609 2207 eos
1632 2183 1725 2214 per-

297 2220 416 2259 sequi
439 2220 584 2259 possit,
611 2221 807 2258 quoniam
833 2221 1088 2261 obligationem
1119 2222 1225 2254 etiam
1257 2221 1335 2252 sine
1360 2222 1488 2252 tutoris
1514 2222 1725 2252 auctoritate

296 2266 487 2306 adquirere
527 2266 589 2296 sibi
627 2268 783 2304 potest3
827 2267 1032 2298 Mommseno
1071 2268 1132 2298 hoc
1169 2268 1281 2306 potius
1320 2267 1434 2298 modo:
1475 2265 1521 2298 id
1560 2267 1624 2298 est
1659 2273 1725 2298 eos

295 2312 432 2353 petere
471 2319 559 2342 suos
588 2320 633 2342 ex
672 2311 761 2343 iure
798 2310 1025 2348 Quiritium
1065 2320 1154 2353 esse,
1194 2320 1300 2351 neque
1340 2314 1453 2343 tamen
1489 2313 1606 2342 stricto
1643 2311 1725 2342 iure

294 2359 435 2395 petere
470 2357 610 2395 potest
641 2356 714 2388 sibi
748 2365 809 2387 eos
834 2357 910 2388 dari
937 2359 1125 2398 oportere.
1171 2357 1274 2389 unde
1299 2356 1351 2389 de
1374 2356 1536 2396 pupillo
1560 2355 1726 2395 quidem

296 2401 530 2440 quaeritur,
567 2409 620 2433 an
653 2403 824 2434 nummis
854 2411 951 2441 quos
981 2404 1150 2435 mutuos
1181 2402 1297 2434 dedit
1325 2402 1378 2434 ab
1404 2410 1451 2434 eo
1475 2401 1547 2440 qui
1572 2402 1726 2440 aceepit

296 2449 520 2487 consumptis
561 2447 660 2478 ciuili
695 2447 858 2479 actione
895 2456 963 2480 eos
998 2448 1194 2487 persequi
1229 2448 1375 2487 possit,
1415 2446 1610 2486 quoniam
1645 2447 1724 2478 dari

297 2502 357 2523 cos
393 2491 461 2523 sibi
498 2495 662 2534 oportere
699 2492 883 2524 intendere
921 2502 991 2524 non
1021 2495 1178 2532 potest3
1215 2494 1315 2533 (conf.
1352 2497 1466 2525 tamen
1495 2487 1536 2524 C*
1559 2494 1591 2524 et
1619 2491 1689 2532 0⁸¹³)
1711 2490 1726 2534 ΙΙ

298 2541 336 2569 47
365 2538 505 2578 accepit
531 2538 719 2577 Goeschen,
751 2539 882 2579 accipit
912 2538 937 2571 C
975 2537 987 2580 ΙΙ
1028 2542 1067 2570 48
1094 2543 1129 2570 at
1155 2539 1246 2580 Inst.‚
1271 2542 1305 2570 et
1334 2538 1359 2571 C
1395 2536 1409 2580 ΙΙ
1449 2539 1488 2568 49
1515 2545 1642 2569 omnes
1666 2545 1723 2568 res

297 2588 368 2614 tam
394 2584 548 2623 mancipi
579 2592 687 2624 quam
719 2584 764 2614 ad
791 2583 974 2615 Goescheni
998 2586 1228 2616 coniecturam
1251 2586 1282 2616 et
1306 2584 1351 2615 ad
1374 2583 1455 2615 Inst.
1481 2585 1514 2618 2,
1539 2584 1572 2620 8,
1599 2585 1631 2623 2,
1655 2591 1725 2614 non

296 2630 341 2660 ad
368 2628 392 2660 C
416 2630 608 2668 suppletum
633 2631 682 2660 est
719 2627 732 2670 ΙΙ
771 2630 812 2660 20
844 2628 990 2670 pupillis
1029 2629 1214 2669 Goeschen,
1251 2628 1377 2671 pupilli
1405 2627 1429 2660 C
1450 2627 1463 2669 ΙΙ
1492 2628 1569 2659 sine
1594 2628 1725 2660 tutoris

656 2673 817 2681 ---—.—

296 2687 509 2716 auctoritate
536 2686 631 2727 lust,
656 2694 672 2717 s
698 2694 720 2726 p
746 2689 758 2717 t
782 2694 799 2716 a
830 2685 867 2718 C.
