1918 3110
714 212 1138 254 —209—

205 396 457 450 ULPIANI
492 395 807 449 LIBRORVM
844 396 892 449 ΙΙ
928 396 1001 449 ΕΤ
1039 396 1111 450 III
1148 397 1642 455 DISPVTATIONVM

419 486 797 542 FRAGMENTA
835 487 1438 545 ARGENTORATENSIA.

297 628 333 660 In
359 629 520 670 congerie
544 627 708 659 foliorum
734 636 842 659 manu
867 628 1088 670 scriptorum,
1116 637 1206 669 quae
1224 639 1265 661 ex
1282 628 1441 672 Aegypto
1466 632 1500 662 in
1525 631 1645 663 biblio-

205 686 342 719 thecam
360 685 534 727 publicam
553 685 884 727 Argentoratensem
900 685 1073 717 translata
1088 688 1179 727 sunt,
1194 688 1265 718 tres
1283 687 1509 720 membranae
1526 689 1645 720 inuen-

204 747 262 776 tae
287 746 386 785 sunt,
418 752 505 785 quas
532 743 614 775 olim
640 742 769 775 codicis
795 743 1022 784 Ulpianarum
1048 743 1325 785 disputationum
1350 747 1467 786 partes
1492 746 1646 778 effecisse

206 802 287 833 Otto
303 801 406 833 Lenel
420 801 577 842 agnouit.
604 801 675 833 eius
690 800 818 833 codicis
837 801 988 842 paginae
1009 802 1043 832 in
1058 801 1146 833 duas
1167 801 1348 834 columnas
1362 812 1527 834 uersuum
1542 804 1646 834 XXIX

206 859 339 891 diuisae
364 859 517 891 fuerunt.
542 858 656 900 prima
681 860 715 890 et
739 858 894 891 secunda
919 859 1125 891 membrana
1150 869 1190 891 ex
1215 860 1368 891 secundo
1387 861 1522 902 Ulpiani
1546 860 1644 902 libro,

205 918 308 949 tertia
322 926 363 949 ex
382 917 484 949 tertio
505 915 593 948 libro
609 915 784 957 discerpta
801 918 863 948 est.
898 918 930 948 et
946 916 980 948 in
998 917 1113 958 prima
1131 916 1271 958 quidem
1290 917 1495 949 membrana
1512 920 1645 959 septem

205 983 372 1006 uersuum
406 973 595 1015 particulas
628 983 707 1005 cum
741 975 900 1015 margine
932 975 1101 1006 exteriore
1125 974 1197 1006 folii
1222 977 1380 1007 seruatas
1407 985 1481 1007 esse
1507 985 1548 1007 ex
1573 984 1646 1006 am-

205 1031 279 1063 bitu
313 1031 480 1073 marginis
517 1041 597 1063 cum
628 1031 793 1063 interiore
826 1032 949 1063 tertiae
983 1031 1209 1064 membranae
1246 1033 1403 1074 margine
1441 1035 1645 1074 comparato

205 1089 389 1130 colligitur.
421 1089 569 1121 alteram
602 1098 687 1121 uero
721 1089 875 1121 eiusdem
906 1087 985 1121 libri
1017 1089 1276 1130 membranam,
1309 1099 1399 1131 quae
1432 1091 1465 1121 in
1496 1093 1646 1131 utraque

203 1148 332 1188 pagina
356 1148 461 1179 unius
486 1147 673 1179 columnae
698 1156 822 1178 uersus
847 1147 1044 1178 III—XXIX
1070 1147 1147 1188 plus
1173 1148 1288 1178 minus
1312 1148 1466 1188 integros
1495 1146 1643 1187 exhibet,

202 1204 403 1236 interiorem
434 1194 506 1236 solii
536 1207 674 1246 partem
709 1204 864 1236 effecisse
895 1205 973 1236 inde
1004 1207 1160 1246 apparet,
1195 1205 1289 1247 quod
1319 1205 1460 1238 alterius
1490 1206 1638 1247 paginae

205 1261 479 1303 disputationem
505 1262 616 1294 altera
639 1263 770 1304 pagina
793 1271 864 1294 non
891 1262 1026 1303 excipit.
1053 1262 1086 1293 in
1111 1263 1215 1294 tertia
1240 1263 1445 1295 membrana
1463 1263 1646 1295 columnae

204 1320 385 1351 interiores
412 1322 446 1352 et
470 1329 639 1352 uersuum
664 1320 922 1351 XXIII—XXIX
947 1319 1138 1361 particulae
1165 1321 1377 1352 exteriorum
1403 1320 1646 1352 columnarum

205 1379 340 1419 extant3
374 1378 408 1409 in
442 1378 600 1420 margine
630 1377 794 1410 inferiore
824 1378 973 1419 paginae
1007 1380 1124 1410 rectae
1159 1378 1397 1419 quaternionis
1427 1387 1594 1410 numerus
1619 1379 1647 1409 X

204 1435 338 1477 legitur.
377 1435 454 1467 libri
487 1436 580 1468 tertii
610 1435 810 1477 fragmenta
846 1435 950 1467 Lenel
987 1435 1021 1466 in
1059 1435 1143 1467 actis
1181 1435 1381 1467 academiae
1417 1435 1649 1468 Berolinensis

204 1493 338 1524 XXXIX
356 1493 468 1533 (4903)
496 1496 560 1525 922
579 1503 655 1535 sqq.
683 1494 773 1534 (cum
799 1492 1039 1525 additamento
1065 1492 1193 1524 ibidem
1218 1503 1250 1534 p.
1272 1494 1369 1533 4034)
1397 1495 1432 1525 et
1456 1493 1489 1523 in
1515 1493 1648 1524 annali-

203 1550 269 1582 bus
300 1549 495 1582 Zeitsehrift
525 1550 585 1582 der
616 1550 956 1593 Savigny·Stiftung
990 1550 1027 1582 R.
1045 1550 1083 1582 A.
1101 1550 1208 1582 XXIV
1234 1552 1297 1581 446
1316 1559 1390 1592 sqq.
1427 1550 1541 1592 edidit,
1574 1549 1647 1581 libri

205 1608 347 1640 secundi
379 1607 579 1649 fragmenta
608 1609 803 1650 insequenti
836 1617 928 1640 anno
962 1608 995 1639 in
1036 1607 1191 1640 eiusdem
1230 1607 1431 1639 academiae
1469 1608 1553 1639 actis
1578 1608 1647 1639 XLI

207 1669 293 1697 ⁴156
320 1675 395 1708 sqq.
430 1667 465 1698 et
494 1666 529 1696 in
562 1666 715 1698 laudatis
741 1665 924 1698 annalibus
950 1666 1041 1697 XXV
1068 1667 1131 1696 368
1151 1675 1225 1706 sqq.
1258 1664 1466 1706 publicauit,
1499 1665 1647 1706 denique

203 1723 238 1754 in
262 1722 372 1755 isdem
399 1723 583 1755 annalibus
608 1723 726 1754 XXVII
754 1726 789 1755 74
823 1733 899 1765 sqq.
933 1722 1075 1755 secundi
1106 1721 1182 1753 libri
1212 1722 1410 1764 fragmenta
1441 1725 1647 1764 argumento

204 1780 327 1812 melius
352 1780 526 1813 intellecto
554 1781 668 1813 denuo
694 1782 872 1814 tractauit.
898 1781 985 1813 haec
1009 1781 1132 1812 nostra
1157 1781 1260 1812 editio
1287 1780 1331 1811 ad
1355 1781 1522 1821 imagines
1540 1789 1647 1812 mem-

204 1837 394 1869 branarum
428 1847 449 1869 a
479 1838 618 1870 Lenelio
652 1839 853 1870 academiae
888 1839 975 1870 actis
1007 1839 1155 1870 insertas
1180 1838 1377 1879 Leneliique
1410 1838 1645 1870 recensionem

204 1896 401 1936 composita
425 1898 493 1937 est;
520 1896 677 1937 ipsorum
704 1895 867 1927 foliorum
895 1905 1041 1928 examen
1066 1895 1148 1927 mihi
1174 1895 1384 1937 denegatum
1403 1897 1463 1927 est.
1506 1894 1643 1936 supple-

205 1954 325 1984 menta
349 1952 476 1984 Lenelii
502 1952 573 1985 fere
599 1954 718 1985 omnia
742 1954 867 1994 recepi.

481 2146 860 2202 FRAGMENTA
890 2147 1055 2201 LIBRI
1091 2146 1369 2203 SECVNDI.

822 2286 920 2339 [ποι.
954 2287 1027 2340 In]

294 2414 599 2417 ⁴——
631 2389 884 2442 [c]onuentus
916 2403 937 2429 e
964 2389 969 2441 l
998 2401 1425 2441 ———mque
1457 2391 1604 2427 tractat
1639 2385 1641 2425 Ι

516 2462 539 2483 ÷÷
574 2459 640 2486 on·
675 2449 728 2487 ad
755 2446 1078 2501 1———t
1118 2449 1156 2486 in
1194 2459 1245 2499 pe
1273 2445 1277 2499 Ι
1305 2470 1472 2472 ήᾉᾲ
1499 2470 1579 2472 0-—r

207 2504 420 2556 [uejnditor
451 2516 577 2544 conue
605 2503 610 2558 Ι
637 2529 943 2533 ——
976 2508 1097 2557 „ljicet
1128 2506 1380 2545 condemnari
1409 2501 1414 2555 Ι

443 2574 529 2601 rem
562 2574 687 2602 consu
714 2561 720 2616 ξ

278 2697 620 2707 mmsxxfflw
630 2698 691 2706 xvxx-

848 2698 1068 2708 ΛΜΛΜΑΛΝ
1072 2698 1090 2706 ,κ
1104 2698 1112 2703 r

302 2795 313 2823 4
346 2800 474 2832 mpque
504 2788 547 2824 0²
587 2791 601 2831 ΙΙ
641 2791 736 2833 *0n·]
761 2801 843 2832 pon·
872 2789 979 2824 Lcncl
1002 2789 1066 2823 uia:
1090 2791 1178 2822 reete
