1872 3095
936 192 960 218 X

168 307 275 343 tione
315 305 561 344 seclusimus
602 304 846 357 glossemata
886 304 926 342 in
966 303 1071 342 libro
1113 304 1142 343 C
1176 305 1322 355 insint,
1361 317 1439 343 nec
1475 317 1576 345 uero
1614 305 1732 345 nefas

169 362 406 402 ducendum
446 368 506 401 est
545 363 583 400 in
616 367 726 400 tanta
763 362 886 400 huius
923 362 1175 413 quaestionis
1213 361 1455 401 difficultate
1486 374 1509 400 a
1540 367 1733 414 suscepta

169 419 293 457 semel
325 421 594 470 persuasione
627 417 862 467 discedere;
893 430 970 457 nec
991 423 1126 456 tamen
1157 417 1286 456 multo
1317 417 1437 468 plura
1469 431 1606 471 quam,
1638 430 1733 458 cum

169 477 403 514 cautissime
435 478 475 514 in
506 476 581 514 hac
613 476 854 526 quaestione
886 486 1118 526 ageremus,
1155 487 1238 512 non
1278 475 1356 525 ipsi
1388 474 1637 525 deleuimus‚
1682 487 1734 514 ex

168 533 424 584 glossematis
457 538 542 570 orta
574 544 666 570 esse
697 536 833 570 certo
867 531 1193 570 demonstratum
1226 531 1274 568 iri
1313 530 1582 581 confidimus;
1621 537 1735 570 certe

167 589 334 628 modum
368 591 544 627 excessit
574 588 782 638 Polenaar,
816 600 909 626 cum
940 588 1017 627 hac
1048 587 1297 627 emendandi
1332 589 1489 626 ratione
1520 589 1575 627 ita
1593 593 1735 627 utere-

166 651 244 696 tur,
277 652 322 684 ut
353 646 600 697 glossemata
631 646 854 684 sescenties
887 645 1016 684 latere
1047 646 1339 696 suspicaretur.

282 704 450 753 Propter
481 702 838 741 homoeoteleuton
870 701 1001 740 multa
1033 702 1224 740 orationis
1257 705 1455 740 commata
1476 701 1518 739 in
1540 699 1680 740 codice
1705 700 1735 739 C

166 759 423 798 intercidisse
467 764 508 797 et
548 759 718 797 Collatio
759 763 883 810 atque
923 759 1135 797 Iustiniani
1166 759 1331 809 Digesta
1368 758 1734 809 Institutionesque

167 816 314 855 docent
359 822 398 855 et
445 815 605 855 dudum
643 814 898 854 intellectum
941 814 1052 867 estv).
1122 815 1262 854 Sicubi
1300 815 1342 854 hi
1380 815 1514 853 fontes
1553 815 1594 853 in
1632 813 1734 853 locis

166 878 337 924 propter
380 872 741 911 homoeoteleuton
786 874 826 910 in
873 872 904 911 C
944 871 1140 911 mutilatis
1192 884 1266 910 nos
1319 871 1533 921 deficiunt,
1583 872 1734 922 partim

164 935 306 968 uetera
337 929 512 968 aliorum
543 931 729 968 uirorum
752 928 967 967 doctorum
989 930 1137 980 partim
1159 940 1266 967 noua
1289 928 1570 967 additamenta
1593 940 1734 966 exem-

164 985 219 1037 pli
251 988 379 1038 gratia
410 987 620 1038 proposita
651 987 691 1024 in
732 990 967 1024 contextum
1006 985 1177 1037 quidem
1215 985 1443 1024 uerborum
1484 985 1735 1035 recepimus,

165 1043 239 1081 sed
271 1048 456 1082 nostrum
489 1043 593 1082 illud
625 1042 826 1082 sollemne
859 1044 1140 1092 seruauimus,
1187 1046 1230 1080 ut
1259 1054 1311 1081 ne
1343 1053 1468 1094 quam
1500 1042 1733 1092 grauiorem

164 1099 257 1138 libri
294 1101 322 1138 C
350 1099 487 1138 labem
520 1101 607 1138 sine
639 1099 900 1138 adnotatione
940 1099 1260 1138 dimitteremus:
1307 1099 1443 1136 omnia
1485 1110 1592 1150 quae
1631 1099 1673 1137 in
1707 1097 1738 1136 G

163 1158 218 1195 ita
249 1157 413 1208 desunt,
445 1162 491 1195 ut
520 1169 572 1195 ne
603 1156 777 1195 lacunae
810 1155 979 1207 quidem
1011 1157 1175 1207 signum
1211 1154 1344 1193 ullum
1387 1156 1426 1193 in
1461 1155 1489 1192 C
1520 1159 1648 1205 extet,
1695 1159 1735 1193 et

164 1214 226 1251 his
258 1215 418 1252 uncinis
450 1211 504 1264 <>
535 1215 768 1264 saepsimus
807 1211 924 1265 (conf.
959 1225 993 1251 e.
1028 1226 1063 1264 g.
1099 1213 1113 1250 l
1146 1212 1171 1262 ξ
1208 1211 1283 1249 1⁵27
1324 1211 1488 1263 aliaque
1528 1210 1570 1249 id
1602 1223 1735 1262 genus

163 1270 250 1309 sere
282 1269 613 1321 innumerabilia)
653 1275 692 1309 et
730 1269 936 1308 inclinatis
976 1269 1124 1307 litteris
1165 1268 1437 1319 exprimenda
1475 1269 1732 1307 curauimus.

277 1328 337 1366 Ex
372 1327 434 1366 his
475 1339 581 1378 quae
622 1326 801 1365 diximus
834 1331 1025 1376 apparet,
1065 1337 1190 1377 quam
1227 1337 1352 1376 saepe
1391 1326 1431 1363 in
1471 1323 1733 1363 emendando

163 1384 260 1423 Gaio
292 1383 343 1422 ad
377 1385 633 1422 coniecturas
664 1383 959 1434 refugiendum
997 1383 1059 1420 sit,
1126 1382 1228 1421 Cum
1266 1393 1368 1420 uero
1400 1393 1453 1420 ex
1483 1382 1543 1420 eis
1574 1382 1735 1420 coniec-

162 1441 277 1490 turis,
313 1453 419 1492 quae
451 1445 544 1491 post
573 1440 862 1479 Goeschenum
893 1450 916 1476 a
946 1440 1046 1477 uiris
1080 1438 1209 1476 doctis
1248 1438 1302 1476 ad
1339 1438 1491 1477 codicis
1522 1438 1735 1477 Veronen-

163 1499 218 1536 sis
259 1497 544 1549 apographum
581 1496 937 1536 Goeschenianum
979 1507 1002 1534 a
1042 1495 1229 1534 Bluhmio
1268 1496 1425 1546 passim
1466 1494 1733 1534 emendatum

161 1554 345 1605 prolatae
386 1559 501 1604 sunt,
546 1565 704 1604 paucae
740 1564 849 1591 noua
890 1564 1015 1604 quam
1054 1553 1142 1603 ipse
1180 1553 1336 1590 institui
1374 1551 1525 1590 codicis
1557 1551 1732 1590 lectione

163 1612 438 1661 confirmatae,
471 1610 599 1649 multo
630 1610 775 1661 plures
806 1610 944 1647 irritae
976 1609 1106 1647 factae
1139 1610 1232 1659 sint,
1270 1609 1311 1646 in
1340 1609 1418 1646 hac
1449 1607 1628 1647 editione
1667 1620 1734 1647 or-

163 1668 299 1706 nanda
339 1680 429 1705 eam
470 1667 556 1706 fere
596 1669 707 1705 uiam
745 1665 1004 1718 sequendam
1052 1677 1145 1704 esse
1192 1665 1313 1715 duxi,
1361 1677 1486 1716 quam
1523 1677 1618 1704 cum
1663 1665 1732 1704 alii

162 1726 432 1775 praeiuerunt
471 1730 558 1763 tum
595 1723 766 1763 Carolus
803 1723 1036 1762 Lachmann
1078 1727 1196 1761 caute
1238 1722 1381 1760 tenuit.
1453 1722 1596 1773 Itaque
1639 1733 1731 1761 cum

163 1781 258 1819 olim
305 1782 465 1832 syntaxi
501 1781 679 1819 Gaianae
725 1792 843 1819 suam
888 1780 1156 1818 constantiam
1199 1778 1472 1830 perpoliendo
1519 1777 1732 1818 uindicare

162 1839 444 1888 instituissem,
477 1843 622 1889 postea
652 1838 693 1876 in
725 1841 920 1875 contextu
950 1836 1178 1875 uerborum
1210 1836 1346 1874 omnia
1367 1847 1415 1874 ea
1435 1837 1584 1874 intacta
1605 1835 1734 1875 relin-

163 1906 293 1946 quere
331 1895 479 1944 malui,
527 1906 635 1946 quae
673 1893 812 1946 aliquo
850 1892 971 1932 modo
1010 1893 1109 1931 ferri
1139 1904 1263 1943 posse
1294 1891 1558 1940 uiderentur;
1604 1893 1733 1931 oratio

163 1953 270 1990 enim
303 1963 556 2003 quamquam
587 1963 610 1989 a
641 1951 738 1990 Gaio
771 1949 992 2003 diligenter
1022 1950 1194 1988 formata
1226 1954 1308 1998 est,
1355 1961 1436 1987 non
1473 1953 1611 1987 tamen
1642 1961 1733 1988 eam

162 2008 499 2059 aequabilitatem
551 2007 749 2046 adsecuta
799 2013 881 2058 est,
934 2018 1058 2058 quam
1108 2005 1392 2045 seuerioribus
1443 2006 1733 2045 Ciceronianae

162 2067 305 2103 aetatis
337 2064 608 2116 scriptoribus
640 2066 861 2103 restituere
893 2063 954 2102 fas
987 2068 1060 2102 est.
1108 2061 1279 2101 Accedit
1299 2062 1412 2114 quod
1443 2061 1581 2102 adhuc
1610 2074 1733 2102 nemo

162 2123 394 2160 accuratius
433 2121 485 2160 de
525 2122 584 2160 eis
621 2122 814 2160 orationis
854 2120 1020 2172 legibus
1062 2120 1288 2171 quaesiuit,
1336 2131 1440 2171 quas
1478 2120 1520 2158 in
1557 2118 1732 2171 reliquis

162 2183 327 2229 praeter
358 2179 637 2217 institutiones
668 2178 787 2216 libris
818 2178 943 2217 Gaius
975 2181 1143 2215 secutus
1176 2174 1310 2228 est10).
1372 2177 1515 2228 Itaque
1552 2173 1733 2228 (praeter

163 2233 489 2287 orthographica)
535 2236 575 2274 in
622 2236 805 2273 minutiis
851 2233 930 2274 sibi
975 2237 1231 2272 constantem
1277 2244 1370 2272 esse
1407 2233 1554 2272 Gaium
1597 2232 1731 2282 nolui;

254 2382 283 2421 9)
309 2381 409 2420 Quod
437 2382 610 2414 Polenaar
645 2383 680 2414 in
707 2382 943 2422 Mnemosyne
970 2381 1063 2420 (nou.
1090 2388 1158 2412 ser.
1184 2379 1256 2411 uol.
1283 2379 1327 2410 IV
1351 2387 1429 2420 pag.
1450 2381 1514 2410 445
1540 2377 1651 2419 seqq.)
1676 2379 1733 2410 in-

161 2428 306 2458 uenisse
340 2427 410 2459 sibi
441 2429 543 2459 uisus
576 2429 632 2459 est
656 2426 817 2468 singulos
844 2426 982 2458 codicis
1017 2426 1203 2466 archetypi
1228 2433 1359 2457 uersus
1385 2424 1459 2456 fere
1483 2423 1732 2456 undeuicenas

164 2472 300 2503 litteras
327 2473 535 2514 complexos
563 2481 651 2514 esse,
685 2473 721 2504 id
749 2472 879 2504 frustra
906 2472 953 2502 ita
979 2470 1226 2503 demonstrare
1252 2471 1405 2503 conatus
1431 2470 1495 2509 est,
1520 2470 1560 2500 ut
1584 2477 1731 2510 prorsus

164 2517 440 2549 incredibilibus
459 2520 626 2550 notarum
647 2519 817 2549 monstris
836 2518 1019 2548 exaratum
1046 2516 1154 2548 fuisse
1181 2516 1345 2548 codicem
1369 2515 1605 2556 archetypum
1631 2514 1729 2546 iden-

163 2562 275 2593 tidem
303 2565 484 2595 statueret.

256 2608 307 2645 40)
336 2609 478 2639 Initium
510 2608 619 2640 huius
650 2608 877 2649 quaestionis
903 2607 1109 2648 nuperrime
1143 2607 1280 2648 publici
1305 2607 1395 2638 iuris
1421 2604 1506 2637 fecit
1530 2603 1731 2637 Guilelmus

163 2651 252 2684 Kalb
282 2654 314 2684 in
334 2652 529 2685 Woelfflini
553 2654 675 2685 Archiv
700 2654 759 2693 [ἄν
784 2654 979 2685 lateinische
997 2653 1269 2692 Lemikoyraphie
1292 2652 1363 2682 und
1383 2650 1598 2683 Grammatik
1622 2650 1694 2682 uol.
1716 2649 1731 2682 1

161 2702 184 2739 (4
196 2702 269 2738 883Ἲ
283 2710 359 2741 pag.
371 2704 503 2733 82—92
521 2701 622 2741 (coni.
633 2701 732 2742 Kalb,
747 2701 855 2733 Roms
867 2700 1023 2732 Juristen
1039 2700 1063 2739 (4
1075 2700 1150 2740 890)
1161 2708 1241 2742 pag.
1253 2701 1385 2732 73—88
1397 2696 1738 2740 ;GrupeZeitschrist

161 2747 222 2777 dcr
241 2747 567 2787 savigny-Stistung
586 2747 680 2778 XVII
702 2748 813 2787 (1896)
840 2755 916 2787 pag.
945 2748 1137 2777 alt—323.
1176 2744 1270 2778 XVII
1297 2745 1408 2786 (4897)
1424 2752 1504 2785 pag.
1528 2745 1563 2774 24
1575 2741 1734 2782 3—223].
