1892 3095
282 176 496 217 tllg7—to
782 199 895 206 -.
957 177 1034 215 104
1094 198 1206 203 ..-

283 301 479 341 excludit.
523 313 703 354 aequum
737 303 844 340 enim
876 300 1100 340 uidebatur
1129 305 1300 352 nepotes
1332 306 1533 352 neptesue
1564 301 1604 340 in
1637 313 1709 353 pa-

282 361 355 398 tris
387 360 450 399 sui
481 358 616 398 locum
646 360 961 410 portionemque
994 357 1232 397 succedere.
1294 359 1383 409 pari
1418 359 1573 397 ratione
1606 363 1646 398 et
1675 359 1709 397 si

283 428 413 468 nepos
452 418 640 468 neptisue
683 417 734 454 sit
764 428 816 454 ex
848 415 929 455 filio
962 421 1001 454 et
1033 428 1085 454 ex
1115 420 1264 467 nepote
1295 427 1501 466 pronepos
1529 427 1709 467 pronep-

247 475 403 525 8tisue,
437 473 559 512 simul
592 484 734 512 omnes
769 478 966 511 uocantur
997 472 1049 511 ad
1080 471 1362 511 hereditatem.
1414 472 1464 511 Et
1495 473 1591 524 quia
1622 472 1711 524 pla-

285 530 405 571 cebat
443 536 614 582 nepotes
654 534 878 581 neptesue,
924 531 1020 568 item
1061 534 1310 581 pronepotes
1350 534 1628 580 proneptesue
1669 530 1742 567 in5

284 589 466 640 parentis
504 589 567 626 sui
603 586 738 625 locum
771 586 1017 638 succedere,
1057 587 1309 626 conueniens
1349 598 1441 625 esse
1481 586 1617 625 uisum
1648 590 1712 624 est

285 658 365 684 non
397 646 436 683 in
469 645 622 695 capita,
666 643 741 682 sed
772 641 855 696 (in)
896 645 1044 696 stirpes
1077 643 1346 683 hereditatem
1379 641 1534 692 diuidi,
1573 643 1626 681 ita
1665 647 1711 681 ut

285 702 394 741 tilius
433 706 592 753 partem
635 700 845 739 dimidiam
882 700 1122 740 hereditatis
1163 702 1268 739 serat
1308 704 1348 739 et
1378 713 1430 739 ex
1466 699 1595 739 altero
1628 698 1710 738 filio

285 759 366 798 duo
407 758 607 809 pluresue
645 762 817 809 nepotes
850 757 1021 797 alteram
1053 757 1286 807 dimidiam;
1325 758 1421 796 item
1461 757 1493 796 si
1525 769 1577 796 ex
1608 755 1711 796 duo-

283 816 364 855 bus
397 815 488 854 filiis
520 819 691 866 nepotes
724 819 873 865 extent,
908 828 959 854 ex
991 814 1118 854 altero
1151 815 1233 853 filio
1265 826 1374 854 unus
1396 814 1501 853 sorte
1525 812 1592 853 uel
1614 813 1766 863 duo,⁴o

285 886 336 912 ex
367 872 495 911 altero
526 877 610 911 tres
642 876 713 911 aut
743 876 949 924 quattuor,
982 871 1033 911 ad
1065 884 1194 911 unum
1226 877 1296 911 aut
1325 871 1378 911 ad
1410 871 1514 910 duos
1545 870 1713 910 dimidia

283 941 379 981 pars
410 930 615 981 pertineat
645 934 685 968 et
714 929 767 968 ad
797 934 879 968 tres
911 933 981 968 aut
1011 934 1206 981 quattuor
1237 929 1366 968 altera
1398 927 1578 967 dimidia.

247 990 269 1027 9
399 987 439 1027 Si
480 985 620 1026 nullus
661 987 713 1025 sit
752 998 922 1025 suorum
964 985 1184 1037 heredum,
1226 992 1326 1026 tunc
1364 985 1573 1025 hereditas
1618 996 1714 1036 per-

221 1045 386 1084 lOtinet
415 1041 427 1096 ΙΙ
457 1056 509 1083 ex
540 1043 686 1083 eadem
718 1042 808 1096 lege
840 1056 895 1082 xu
927 1043 1166 1082 tabularum
1197 1043 1250 1083 ad
1272 1048 1456 1096 agnatos.
1515 1043 1802 1087 Vocanturpag.
1821 1045 1883 1078 ⁴28

285 1106 422 1140 autem
455 1102 602 1153 agnati,
637 1101 707 1153 qui
739 1100 921 1152 legitima
953 1102 1193 1153 cognatione
1223 1101 1350 1139 iuncti
1372 1104 1480 1139 sunt.
1533 1098 1768 1152 legitimam

285 1163 423 1197 autem
454 1158 639 1211 cognatio
671 1162 734 1197 est
765 1169 824 1210 ea,
859 1170 966 1210 quae
997 1169 1072 1209 per
1098 1157 1229 1197 uirilis
1252 1169 1378 1197 sexus
1400 1168 1601 1208 personas
1622 1168 1714 1195 con-

284 1215 479 1268 iunyitur.
544 1216 674 1267 itaque
712 1214 841 1254 eodem
877 1219 992 1266 patre
1031 1216 1114 1253 nati
1145 1215 1295 1254 fratres
1327 1214 1466 1266 agnati
1493 1213 1579 1253 sibi
1607 1217 1711 1264 smil,

284 1273 354 1325 qui
384 1273 502 1312 etiam
533 1272 822 1324 consanyuinez'
852 1277 1072 1322 uocantur,
1114 1284 1191 1312 nec
1221 1272 1469 1324 requiritur,
1509 1283 1560 1310 an
1592 1271 1713 1309 etiam

375 1443 415 1483 ἐξ
442 1445 549 1474 7-40
578 1456 618 1469 =
646 1442 795 1474 Collatio
823 1444 875 1483 46,
902 1444 920 1473 2
944 1441 958 1482 ΙΙ
981 1442 1000 1482 ἓ
1025 1445 1043 1474 8
1075 1455 1116 1470 ---
1142 1443 1227 1474 lnst.
1255 1444 1284 1484 3,
1311 1445 1341 1484 4,
1369 1443 1387 1474 6
1410 1440 1425 1481 ΙΙ
1447 1441 1467 1481 ξ
1492 1443 1533 1472 40
1561 1439 1644 1473 inde
1667 1439 1713 1473 ab

287 1491 326 1520 47
352 1491 465 1529 itaque
491 1488 563 1520 lere
589 1501 630 1516 =
657 1488 740 1520 Inst.
768 1489 797 1530 3,
824 1490 854 1529 2,
882 1490 910 1520 4,

301 1589 440 1600 καινῆς
446 1589 775 1600 ΜΜΛΜΝΛΜΛ.

377 1662 389 1691 4
422 1659 581 1692 excludit
605 1668 730 1692 aecum
760 1659 786 1692 G
809 1658 897 1698 (cum
923 1658 1033 1699 Inst.)‚
1070 1658 1249 1691 excludite
1275 1665 1358 1689 cum
1389 1657 1423 1698 V,
1448 1656 1607 1690 excludit
1630 1665 1713 1689 cum

293 1706 348 1745 W,
382 1705 541 1737 excludit
566 1706 602 1737 et
626 1714 733 1745 quarn
760 1705 788 1736 Β
818 1704 833 1744 u
865 1704 1060 1736 uidebatur
1089 1704 1131 1744 C,
1162 1703 1307 1736 uidetur
1335 1702 1431 1744 Coll.,
1465 1710 1544 1735 esse
1568 1702 1714 1735 uidetur

287 1752 367 1783 Inst.
385 1750 399 1791 ΙΙ
424 1753 595 1793 neptesue
616 1750 642 1783 C
669 1750 759 1791 Coll.,
786 1753 982 1791 neptesque
1006 1751 1088 1781 Inst.
1105 1749 1119 1790 11
1144 1752 1162 1780 2
1188 1749 1462 1790 portionemque
1482 1747 1508 1780 G
1533 1747 1624 1790 Coll.,
1649 1756 1713 1781 om.

287 1798 367 1829 Inst.
400 1796 414 1836 ΙΙ
448 1799 464 1827 3
492 1797 657 1839 neptisue
687 1796 785 1837 Coll.,
817 1796 1003 1837 neptisque
1032 1794 1056 1827 C
1082 1795 1161 1828 lnst.
1194 1794 1208 1835 ΙΙ
1240 1795 1471 1836 proneptisue
1508 1793 1587 1826 Cotl.
1615 1794 1711 1833 Inst.,
1891 1804 1892 1834 χ

284 1843 450 1884 neptisue
489 1841 515 1875 C
545 1842 560 1883 ΙΙ
593 1843 610 1874 4
648 1841 756 1874 simul
793 1849 917 1873 omnes
952 1842 1129 1873 uocantur
1165 1840 1210 1872 ad
1246 1840 1483 1872 hereditatem
1524 1838 1564 1881 C,
1606 1839 1713 1872 simul
1891 1859 1892 1874 2

285 1888 464 1920 uocantur
485 1887 566 1920 con.
588 1888 669 1920 Inst.
695 1888 835 1920 notabili
860 1895 1026 1919 consensu
1048 1886 1062 1926 ΙΙ
1084 1885 1251 1927 placebat
1272 1885 1297 1918 G
1324 1885 1417 1923 Coll.,
1442 1885 1581 1927 placuit
1607 1885 1686 1918 Inst.
1702 1883 1715 1928 ΙΙ
1890 1878 1892 1913 l

286 1937 304 1966 5
331 1937 504 1975 neptesue
523 1932 549 1965 C
577 1933 668 1970 Coll.,
699 1935 897 1974 neptesque
917 1932 996 1964 Inst.
1019 1933 1147 1965 codices
1171 1933 1243 1970 alii,
1270 1940 1333 1963 om.
1359 1931 1419 1963 alii
1441 1929 1453 1973 Η
1476 1932 1715 1973 proneptesue
1890 1928 1892 1945 ³

289 1979 315 2012 C
349 1979 446 2019 Coll.,
478 1980 745 2021 proneptesque
779 1979 844 2018 (uel
874 1980 909 2009 et
939 1978 1143 2019 proneptes)
1176 1978 1257 2009 Inst.
1281 1974 1294 2018 ΙΙ
1324 1979 1342 2008 6
1373 1976 1534 2018 parentis
1567 1975 1592 2008 C
1622 1976 1715 2019 Insa,

286 2026 398 2066 patris
422 2025 477 2065 W,
504 2025 598 2066 patri
624 2025 688 2056 BV
706 2021 718 2068 [Ι
744 2026 761 2056 7
789 2025 824 2056 in
851 2025 979 2065 stirpes
1010 2022 1089 2056 Coll.
1116 2024 1208 2065 Inst„
1235 2023 1365 2064 stirpes
1392 2021 1418 2054 C
1437 2020 1451 2064 ΙΙ
1474 2022 1711 2054 hereditatem
1890 2035 1892 2060 ς

297 2071 338 2102 W
363 2071 463 2111 Inst.‚
495 2069 712 2102 hereditates
742 2070 784 2111 C,
817 2069 1029 2102 hereditatis
1060 2069 1123 2101 BV
1145 2066 1159 2111 l}
1191 2067 1305 2101 diuidi
1337 2069 1383 2100 ita
1419 2067 1459 2109 C,
1491 2066 1621 2100 diuidit
1645 2068 1714 2108 BV,
1890 2062 1892 2084 ³

288 2116 404 2148 diuidi
442 2116 485 2148 W
517 2117 597 2148 [nst.
627 2114 639 2157 Η
669 2117 686 2146 8
718 2117 856 2157 partem
891 2114 1077 2147 dimidiam
1114 2113 1139 2146 G
1170 2114 1265 2156 Inst.‚
1299 2113 1487 2146 dimidiam
1521 2115 1654 2154 partem
1687 2113 1715 2144 Β
1888 2086 1892 2148 i

291 2162 319 2194 V
344 2161 430 2202 (post
455 2162 730 2200 emendationem)
757 2161 808 2201 W,
835 2163 974 2202 partem
1000 2161 1120 2192 omittit
1149 2161 1175 2193 V
1196 2163 1274 2192 ante
1303 2160 1570 2191 emendationem
1591 2156 1605 2201 u
1628 2157 1716 2190 ferat
1886 2149 1892 2192 J

287 2209 321 2239 et
349 2206 384 2249 C,
410 2206 502 2239 fruat
529 2208 565 2248 B,
592 2206 707 2239 fuerat
730 2206 822 2247 VW,
848 2206 978 2238 habeat
1002 2208 1037 2238 et
1062 2206 1142 2238 Inst.
1166 2204 1179 2248 ΙΙ
1203 2208 1243 2237 40
1271 2206 1391 2237 extent
1416 2204 1454 2244 B,
1483 2206 1602 2236 extent
1626 2205 1662 2235 et
1680 2202 1713 2245 C,

286 2253 442 2285 existant
465 2254 500 2284 et
531 2253 584 2293 W,
617 2253 740 2284 extant
764 2253 798 2283 et
824 2252 903 2284 Inst.
932 2250 946 2294 ΙΙ
974 2250 1047 2284 filio
1075 2250 1101 2283 C
1127 2251 1224 2292 Coll.,
1257 2260 1320 2283 om.
1348 2251 1429 2282 Inst.
1453 2248 1466 2293 [Ι
1495 2249 1553 2282 uel
1578 2249 1650 2282 duo
1679 2247 1713 2290 C,

287 2300 350 2331 aut
381 2298 453 2330 duo
490 2299 588 2336 last,
623 2297 681 2329 uel
717 2297 795 2329 Coll.
820 2296 832 2338 Η
864 2300 897 2327 44
930 2297 975 2329 ad
1010 2306 1118 2329 unum
1144 2299 1232 2328 —42
1267 2298 1435 2338 quattuor
1463 2295 1488 2328 G
1518 2295 1620 2335 lust„
1651 2303 1714 2327 om.

291 2344 371 2376 Coll.
395 2341 408 2387 [Ι
433 2345 468 2375 44
500 2353 612 2376 unum
642 2343 738 2383 Inst.‚
772 2343 899 2374 unium
929 2342 954 2375 C
975 2340 989 2384 11
1011 2343 1057 2375 ad
1082 2342 1173 2374 duos
1204 2342 1228 2375 C
1253 2346 1284 2374 et
1310 2342 1562 2373 Institutionum
1586 2341 1714 2372 codices

287 2391 486 2430 deteriores,
519 2389 610 2421 duos
637 2389 887 2420 Institutionum
920 2389 1048 2420 codices
1077 2389 1232 2420 meliores
1249 2386 1264 2428 ΙΙ
1281 2387 1430 2419 dimidia
1455 2395 1501 2418 ex
1524 2385 1712 2418 dimidiam

287 2438 477 2467 correctum
505 2433 529 2466 C
550 2432 563 2476 ΙΙ
588 2436 628 2465 42
655 2435 833 2474 pertineat
857 2436 891 2465 et
921 2433 954 2474 C,
979 2435 1134 2475 pertinet
1160 2434 1238 2465 Inst.
1264 2432 1277 2475 ΙΙ
1300 2434 1362 2465 aut
1386 2433 1555 2473 quattuor
1582 2430 1622 2472 C,
1655 2430 1712 2462 uel

287 2481 332 2512 ad
359 2483 529 2522 quattuor
549 2480 627 2512 [nst.
651 2477 663 2521 ΙΙ
689 2482 729 2510 43
757 2482 835 2511 ante
860 2480 894 2511 Si
920 2480 1094 2511 rubricam
1120 2489 1162 2511 nn
1188 2487 1327 2510 AGNATIS
1354 2479 1448 2510 addit
1474 2475 1580 2518 0011.ss
1608 2478 1645 2508 44
1673 2485 1714 2507 ex

291 2525 329 2565 C,
359 2529 393 2557 et
418 2527 460 2567 B,
486 2527 522 2557 et
546 2534 588 2557 ex
616 2526 659 2557 W
682 2523 695 2569 ΙΙ
719 2525 763 2557 ad
794 2526 940 2565 agnatos
973 2527 1148 2557 uocantur
1177 2525 1278 2563 Coll.,
1314 2524 1715 2564 adgnatosuouocantur

293 2571 317 2603 C
339 2570 352 2612 ΙΙ
379 2574 418 2603 46
443 2572 498 2604 est
521 2579 561 2602 ea
591 2570 625 2612 C,
652 2571 722 2603 hoc
746 2572 801 2602 est
830 2570 908 2602 Coll.
933 2568 946 2612 ΙΙ
969 2579 1034 2611 per
1060 2570 1155 2602 uirili
1182 2579 1265 2602 sexu
1294 2570 1331 2610 B,
1357 2578 1398 2600 ex
1423 2567 1519 2600 uirili
1545 2576 1631 2599 sexu
1657 2567 1712 2604 W,

289 2617 415 2656 pul-ilis
452 2625 578 2649 sexsus
612 2616 638 2649 C
670 2615 684 2659 ΙΙ
718 2613 906 2658 personas]
942 2624 1092 2657 persona
1132 2615 1157 2648 C
1188 2616 1230 2657 Β,
1267 2622 1440 2657 personae
1474 2613 1514 2644 W
1538 2611 1552 2654 ΙΙ
1583 2614 1713 2644 46-48

289 2664 458 2701 suppleuit
483 2663 681 2694 Lachmann
707 2671 751 2694 ea:
780 2661 859 2694 Coti.
887 2664 916 2692 et
946 2670 990 2692 ea:
1017 2662 1095 2692 Inst.
1120 2659 1133 2702 ss
1157 2663 1196 2692 47
1232 2660 1314 2701 sibi]
1348 2660 1417 2691 uisi
1446 2657 1525 2690 Coll.
1549 2656 1562 2701 ΙΙ
1587 2661 1625 2690 48
1652 2659 1714 2699 qui

289 2708 394 2738 etiam
424 2707 515 2747 Coll.,
541 2709 601 2747 qui
627 2709 662 2738 et
689 2708 767 2739 Inst.
791 2705 805 2748 ΙΙ
828 2716 871 2739 an
898 2708 1002 2738 etiam
1033 2706 1057 2738 C
1083 2707 1172 2746 Inst.,
1199 2715 1243 2737 an
1272 2705 1354 2737 0011.
