1918 3110
661 222 772 227 —.
837 198 915 238 119
974 220 1086 226 --
1351 197 1586 236 meas—ss

161 326 349 362 ueneunt
383 322 515 362 ueluti
555 335 717 373 eorum,
761 322 916 374 quibus
948 326 1107 360 certum
1139 326 1201 359 est
1237 333 1375 372 neque
1415 320 1593 359 heredes

161 391 300 431 neque
337 379 544 418 bonorum
582 391 847 431 possessores
886 390 1021 430 neque
1059 377 1193 416 ullum
1231 377 1356 415 alium
1392 374 1403 429 Η
1439 379 1593 416 iustum
1608 383 1762 423 pagus

95 435 147 475 79
163 448 448 476 successorem
480 437 671 476 existere.
733 434 947 487 Siquidem
979 436 1064 473 uiui
1097 434 1206 473 bona
1241 438 1439 483 uene-ant,
1478 433 1595 472 iubet

164 506 211 533 ea
251 499 417 545 praetor
455 505 533 544 per
569 493 657 532 dies
698 494 913 532 continuos
949 504 1023 530 xxx
1058 490 1266 542 possideri
1299 495 1335 528 et
1372 491 1593 541 proscribi,

163 553 196 590 si
227 563 328 589 uero
365 552 533 601 mortui,
572 562 647 602 per
678 549 766 588 dies
797 561 856 587 xv.
918 554 1061 600 postea
1098 548 1210 587 iubet
1246 548 1469 586 conuenire
1507 559 1626 586 cre-5

163 608 317 646 ditores
350 612 391 646 et
417 620 469 646 ex
491 620 537 646 eo
570 618 742 646 numero
774 607 1017 657 magistrum
1049 606 1193 656 creari,
1226 604 1269 643 id
1301 609 1363 643 est
1394 616 1489 642 eum
1522 615 1597 654 per

161 677 288 716 quem
321 664 429 703 bona
459 669 651 703 ueneant.
712 665 851 715 itaque
883 664 917 702 si
946 663 1034 701 uiui
1066 662 1175 701 bona
1204 665 1402 711 ueneant,
1436 662 1477 699 in
1509 660 1597 699 die-

162 721 242 760 bus
276 719 324 775 <X
350 718 561 773 bonorum>
593 720 860 760 uenditionem
892 720 981 759 fieri
1012 719 1146 769 iubet,
1189 720 1222 757 si
1254 719 1422 769 mortui,
1461 719 1501 756 in
1536 717 1597 756 di-

161 778 299 817 midio.
353 777 497 817 diebus
528 779 658 829 itaque
688 778 775 816 uiui
808 777 916 816 bona
946 789 1059 826 xxxx,
1090 776 1241 814 mortui
1276 787 1374 814 uero
1405 787 1455 813 xx
1482 787 1598 824 emp-

162 837 237 874 tori
269 834 405 873 addici
436 834 562 873 iubet.
616 846 745 886 quare
768 839 905 872 autem
936 833 1095 872 tardius
1126 834 1359 872 uiuentium
1390 831 1651 870 bonorumw

161 891 444 931 uenditIonem
485 891 672 942 conpleri
712 891 845 941 iubet,
887 890 956 929 illa
994 891 1095 929 ratio
1138 895 1215 937 est,
1259 890 1355 941 quia
1394 888 1446 928 de
1486 889 1596 927 uiuis

163 948 396 988 curandum
428 954 533 999 erat,
573 960 625 987 ne
657 948 776 987 facile
808 948 1013 986 bonorum
1045 946 1307 986 uenditiones
1339 951 1595 997 paterentur.

95 1006 147 1044 80
276 1006 421 1058 Neque
462 1011 600 1044 autem
645 1005 850 1044 bonorum
894 1016 1180 1057 possessorum
1222 1016 1359 1055 neque
1405 1002 1598 1040 bonorum

163 1067 383 1114 emptorum
421 1073 484 1100 res
522 1062 648 1114 pleno
687 1063 777 1101 iure
818 1062 937 1111 fiunt,
981 1060 1058 1101 sed
1095 1062 1136 1100 in
1172 1060 1292 1100 bonis
1335 1060 1596 1107 efficiuntur;

163 1131 219 1158 eoe
248 1120 337 1158 iure
368 1119 588 1166 Quiritium
624 1126 762 1159 autem
799 1120 853 1157 ita
890 1119 1057 1157 demum
1097 1117 1394 1170 adquiruntur,
1433 1118 1468 1156 si
1498 1126 1653 1156 usu-45

161 1180 373 1228 ceperunt.
434 1177 643 1216 interdum
676 1176 845 1229 quidem
883 1176 1087 1215 bonorum
1119 1174 1376 1227 emptoribus
1407 1186 1456 1213 ne
1483 1171 1597 1224 uisus

164 1233 335 1286 quidem
371 1234 487 1284 capio
525 1235 736 1286 confingit,
780 1233 910 1272 ueluti
942 1235 977 1272 si
1008 1233 1435 1284 —————-—}
1468 1231 1599 1269 bono-

163 1303 256 1330 rum
288 1295 450 1342 emptor
482 1286 1412 1341 ——-—-—-—-———-———{

397 1404 499 1443 Item
531 1415 639 1456 quae
672 1403 813 1443 debita
843 1408 937 1442 sunt
956 1399 1374 1454 ————}
1407 1406 1479 1440 aut
1508 1402 1596 1452 ipse
1613 1411 1650 1440 20

164 1461 321 1513 debuit,
353 1473 493 1514 neque
526 1461 731 1500 bonorum
760 1472 979 1513 possessor
1009 1472 1139 1512 neque
1171 1457 1176 1512 Ι
1208 1459 1414 1499 honorum
1438 1463 1598 1509 emptor

162 1524 1599 1538 WWWNWMWNWWWW

95 1407 141 1446 8⁴

253 1552 300 1585 ad
323 1552 344 1592 ξ
370 1554 412 1583 79
439 1551 529 1583 conf.
557 1551 776 1593 Theophilus
801 1553 831 1593 3,
859 1554 898 1582 ⁴2
924 1560 976 1592 pr.

255 1635 272 1663 3
300 1634 335 1663 et
359 1635 437 1663 ante
469 1631 652 1672 siquidem
678 1632 772 1663 addit
797 1632 968 1663 Polenaar
995 1631 1008 1670 11
1037 1631 1113 1663 uiui
1140 1639 1184 1662 ex
1214 1631 1300 1661 uiuo
1326 1632 1515 1661 correctum
1542 1627 1566 1659 C
1587 1626 1599 1668 Η

164 1680 183 1710 4
215 1678 395 1719 possideri
428 1680 463 1708 et
498 1677 685 1718 Goeschen,
722 1677 925 1718 possederit
961 1675 986 1707 C
1012 1676 1025 1716 u
1056 1680 1073 1708 5
1107 1684 1171 1717 per
1207 1675 1393 1716 Goeoehen,
1427 1677 1506 1715 post
1541 1673 1566 1705 C
1588 1672 1600 1714 ΙΙ

165 1723 265 1756 iubet
304 1723 490 1762 Goeschen,
529 1722 654 1754 iubent
687 1721 712 1754 C
740 1723 753 1763 11
783 1724 892 1753 7-40
926 1723 1012 1761 conf.
1039 1722 1197 1762 Krueyer
1230 1721 1398 1752 Kritische
1433 1719 1599 1752 Versuche

161 1778 241 1810 paq.
272 1771 335 1801 437
363 1768 378 1809 11
407 1771 425 1800 8
457 1767 715 1808 uenditionem]
749 1769 774 1800 fi
807 1767 847 1805 C,
881 1768 967 1808 conf.
999 1767 1040 1799 Ca
1067 1776 1148 1808 pay.
1173 1769 1240 1799 509
1271 1775 1362 1798 uers.
1393 1769 1435 1800 25
1465 1765 1480 1806 ΙΙ
1510 1767 1597 1796 7-8

166 1816 353 1847 Mommsen
387 1815 428 1846 ab
459 1814 529 1846 alia
564 1815 732 1845 sententia
766 1822 972 1854 progressus
1007 1814 1142 1844 mauult
1178 1813 1295 1854 idque,
1332 1812 1362 1844 si
1392 1812 1470 1844 uiui
1504 1811 1598 1842 bona

165 1863 331 1900 ueneant,
358 1861 393 1891 in
421 1859 551 1892 diebus
576 1858 630 1901 (X,
656 1861 686 1890 si
708 1861 845 1899 mortui,
871 1861 906 1890 in
932 1860 1048 1890 diebus
1066 1857 1102 1900 v)
1128 1857 1205 1889 fieri
1231 1857 1332 1889 iubet
1360 1858 1489 1896 (deletis
1513 1865 1599 1896 quae

164 1909 354 1946 sequuntur·
384 1906 413 1937 si
452 1906 600 1946 mortui,
636 1901 672 1936 in
711 1905 874 1944 dimidio)
908 1905 922 1946 ΙΙ
956 1907 1041 1935 8-9
1075 1903 1240 1943 dimidio]
1281 1907 1437 1942 expectes
1468 1901 1598 1934 diebus

165 1961 187 1983 v
215 1950 231 1991 ΙΙ
261 1953 278 1981 9
303 1950 397 1991 xxxx]
422 1959 484 1982 xxx
513 1950 536 1982 G
563 1951 577 1990 11
608 1952 647 1981 40
675 1949 897 1982 uiuentiusm
925 1950 992 1990 (sic)
1022 1949 1046 1981 C
1073 1950 1086 1989 ΙΙ
1116 1952 1151 1980 Μ
1184 1949 1358 1989 compleri
1390 1948 1598 1988 Lachmann,

165 1997 349 2038 complere
377 1995 493 2036 01113
522 1995 699 2027 bonorum
726 2004 977 2037 possessorum
1007 1995 1188 2035 Goeschen,
1215 1995 1392 2025 bonorum
1419 1994 1598 2034 possessio

168 2042 379 2082 01143-44
407 2042 584 2073 bonorum
611 2045 815 2082 emptorum
842 2049 898 2072 res
929 2041 1107 2081 Goeschen,
1133 2037 1248 2072 uerii?
1279 2039 1314 2080 C,
1340 2040 1426 2079 conf.
1456 2038 1497 2071 Ca
1517 2048 1598 2078 pay.

165 2090 232 2122 258
256 2096 346 2119 uers.
372 2091 416 2120 22
443 2090 473 2118 et
496 2095 574 2126 pay.
599 2089 666 2120 298
691 2095 781 2117 uers.
806 2090 851 2118 53
873 2086 887 2127 ΙΙ
911 2089 951 2117 45
980 2088 1227 2127 usuceperunt
1253 2086 1465 2125 Lachmann,
1495 2093 1597 2116 usus-

166 2129 377 2175 ceperiunt‘?
407 2131 432 2164 C
456 2132 554 2172 (conf.
591 2130 652 2172 Ca),
680 2133 943 2173 usucapiuntur
971 2131 1141 2163 Goeschen
1169 2132 1182 2172 11
1212 2133 1346 2162 46-47
1373 2134 1529 2169 expectes
1555 2138 1598 2161 ne

167 2179 339 2219 usucapio
365 2177 511 2218 quidem
539 2178 724 2218 contingit,
750 2178 836 2217 conf.
863 2181 976 2209 tamen
999 2181 1020 2210 2
1045 2177 1064 2217 ξ
1092 2181 1132 2208 60
1157 2177 1171 2217 ΙΙ
1197 2178 1329 2209 47-20
1361 2176 1467 2208 Gaius
1492 2177 1600 2216 egisse

167 2225 305 2256 uidetur
335 2224 374 2255 de
406 2224 614 2262 usucapione
648 2231 733 2262 quae
766 2232 834 2254 non
866 2224 1020 2264 contigit,
1053 2224 1083 2254 si
1109 2231 1174 2262 per
1204 2231 1259 2254 eos
1290 2223 1376 2253 bona
1405 2223 1598 2261 uenierunt,

166 2270 288 2310 quibus
314 2269 396 2300 nihil
420 2269 565 2300 debitum
590 2271 681 2308 erat,
712 2269 768 2300 uel
793 2269 833 2300 de
857 2269 1021 2300 bonorum
1044 2269 1237 2300 uenditione
1263 2268 1368 2299 aliam
1394 2268 1431 2298 ob
1458 2275 1600 2298 causam

168 2317 271 2347 irrita
293 2315 388 2354 facta
413 2313 510 2353 (conf.
537 2323 563 2345 e.
588 2323 619 2354 9.
647 2314 723 2354 Diy.
742 2317 795 2355 42,
822 2317 852 2355 4,
876 2316 908 2353 7,
933 2317 956 2346 3
981 2318 1011 2345 et
1036 2316 1089 2355 42,
1117 2318 1146 2352 5,
1171 2314 1237 2353 50).
1287 2313 1442 2344 Huschke
1467 2315 1599 2344 senten-

168 2363 252 2394 ciam
275 2362 324 2391 sic
348 2360 501 2400 suppleri
521 2367 622 2398 posse
646 2361 822 2398 opinatur:
848 2359 1004 2399 uelutfi)
1024 2360 1061 2391 si
1084 2359 1310 2399 pereqritzus
1327 2359 1372 2390 sit
1397 2358 1600 2390 bonorum

168 2407 345 2446 emptor,
377 2413 442 2436 nec
472 2405 883 2437 senatusconsultum
913 2406 1143 2437 concesserit
1173 2405 1250 2436 eius
1275 2405 1411 2436 ciuitati
1444 2405 1499 2435 ius
1524 2411 1600 2442 quo

166 2461 254 2492 quae
287 2450 438 2483 ciuibus
470 2452 542 2481 eius
573 2451 695 2489 populi
727 2460 749 2482 a
781 2450 918 2482 ciuibus
951 2451 1118 2482 Romanis
1154 2450 1355 2482 alienantur
1390 2457 1601 2488 usucapere

164 2497 338 2538 possunt.
394 2495 489 2534 (conf.
515 2504 602 2535 quae
626 2495 780 2527 Huschke
811 2498 847 2527 in
877 2497 1020 2528 editione
1051 2499 1176 2535 quarta
1207 2497 1251 2527 ad
1281 2496 1368 2526 hunc
1400 2496 1510 2526 locum
1540 2495 1600 2526 ad-

168 2542 322 2581 notauit.)
346 2540 359 2583 ΙΙ
382 2543 423 2572 20
450 2549 515 2580 seq.
541 2541 739 2573 Lachmann
763 2543 811 2573 ita
836 2543 1021 2582 suppleuit:
1058 2543 1143 2573 item
1179 2549 1271 2582 quae
1304 2539 1424 2572 debita
1457 2541 1544 2572 sunt
1568 2540 1600 2571 ei

169 2590 274 2620 cuius
305 2587 450 2620 fuerunt
479 2587 591 2627 bona,
623 2589 684 2618 aut
715 2587 790 2627 ipse
816 2590 883 2619 etc.
908 2585 921 2629 Η
945 2589 979 2619 24
1013 2586 1191 2618 bonorum
1218 2587 1309 2626 (ante
1334 2586 1485 2626 emptor)
1513 2586 1600 2618 Goe-

167 2635 280 2674 schen‚
306 2633 442 2666 bonum
465 2631 519 2672 ΟΙΙ
536 2633 704 2672 21-420,
723 2635 734 2663 4
760 2641 828 2663 non
851 2634 941 2664 male
960 2632 1112 2664 Huschke
1138 2633 1219 2663 talia
1247 2633 1439 2670 temptauit:
1464 2639 1600 2670 neque

168 2679 373 2712 bonorum
388 2679 639 2718 possesssori
655 2685 771 2717 neque
788 2678 984 2710 bonorum
1002 2679 1175 2717 emptori
1191 2677 1282 2716 ipso
1299 2677 1389 2708 iure
1407 2676 1601 2709 debentur

169 2727 232 2757 aut
256 2725 323 2766 ipsi
349 2724 492 2756 debent.
