1892 3095
287 172 316 203 11
341 171 360 210 ς
379 173 432 202 60.
454 174 508 204 ei.
527 173 657 203 65—67
799 192 902 200 -—
973 171 1024 209 56
1084 193 1196 200 —.

287 301 494 335 contracta
525 297 576 335 sit
607 295 771 346 fiducia,
803 307 902 334 sane
933 294 1184 333 omnimodo
1207 295 1387 345 conpetit
1406 295 1712 346 ususreceptio;

288 354 322 392 si
358 364 458 392 uero
490 364 583 391 cum
615 352 837 402 creditore,
876 351 1011 391 soluta
1043 351 1213 403 quidem
1244 352 1421 402 pecunia
1452 353 1560 390 omni
1590 351 1713 391 modo

287 411 478 461 conpetit,
511 410 695 448 nondum
727 421 828 448 uero
860 408 994 447 soluta
1026 410 1078 446 ita
1101 407 1269 446 demum
1297 409 1487 459 conpetit,
1520 410 1553 448 si
1575 420 1712 460 neque

287 466 533 506 conduxerit
570 479 660 505 eam
701 477 787 504 rem
827 477 850 504 a
886 465 1089 504 creditore
1132 464 1306 514 debitor,
1354 477 1490 516 neque
1525 467 1713 516 precario

286 525 505 576 rogauerit,
539 527 585 561 ut
615 535 705 561 eam
737 534 825 561 rem
852 521 1067 572 possidere
1090 521 1254 570 liceret3
1287 533 1369 573 quo
1391 533 1491 560 casu
1510 521 1746 561 lucratiuas

222 593 265 632 61
288 582 509 630 ususcapio
551 580 741 630 conpetit.
815 579 915 618 Item
952 579 985 618 si
1027 590 1115 618 rem
1153 577 1375 629 obligatam
1414 578 1493 617 sibi
1531 578 1714 629 populus

288 637 526 677 uendiderit
557 648 732 687 eamque
765 635 956 674 dominus
986 634 1238 686 possederit,
1273 647 1466 674 concessa
1499 640 1562 674 est
1591 647 1716 674 usus-

288 695 489 745 recepti03
529 692 604 731 sed
635 693 712 731 hoc
743 704 841 730 casu
870 692 1090 743 praedium
1121 691 1288 731 biennio
1320 693 1612 743 usurecipitur.
1675 697 1716 731 et

288 752 364 790 hoc
410 756 472 789 est
512 748 624 801 quod
667 748 790 800 uulgo
833 747 982 787 dicitur
1020 761 1072 788 ex
1107 749 1371 800 praediatura
1409 750 1715 799 possessionem

287 808 517 858 usurecipi3
539 818 634 845 nam
657 807 728 858 qui
749 810 957 844 mercatur
978 817 999 843 a
1021 805 1186 856 populo,
1210 805 1446 857 praediator
1467 805 1715 857 appellatur.
1732 812 1770 841 ⁴0

222 877 272 916 65
404 865 508 915 Ergo
548 876 600 902 ex
638 863 701 902 his
740 874 846 914 quae
885 862 1065 901 diximus
1097 867 1270 913 apparet
1300 862 1506 914 quaedam
1538 862 1716 901 naturali
1729 875 1808 909 pag.
1827 870 1867 899 69

291 923 379 960 iure
417 921 609 970 alienari,
656 919 796 972 qualia
838 924 934 958 sunt
971 931 1018 957 ea
1059 931 1167 970 quae
1206 918 1424 958 traditione
1463 919 1714 968 alienantur3

290 978 495 1030 quaedam
533 976 662 1028 ciuili,
699 989 794 1015 nam
831 976 1140 1026 mancipationis
1179 980 1219 1015 et
1254 977 1295 1014 in
1326 977 1415 1015 iure
1448 977 1644 1016 cessionis
1677 980 1718 1015 et

291 1036 553 1085 usucapionis
584 1035 649 1072 ius
681 1034 891 1085 proprium
925 1038 988 1071 est
1019 1033 1172 1072 ciuium
1203 1034 1490 1072 Romanorum.

225 1106 273 1143 66
404 1093 488 1130 Nec
524 1096 662 1129 tamen
703 1103 751 1129 ea
787 1095 965 1140 tantum,
1008 1102 1115 1141 quae
1151 1089 1371 1128 traditione
1409 1097 1550 1129 nostra
1587 1090 1771 1143 fiunt,{⁴5

289 1148 464 1188 naturali
502 1147 621 1187 nobis
660 1149 818 1186 ratione
856 1146 1152 1198 adquiruntur,
1202 1146 1278 1185 sed
1315 1148 1437 1186 etiam
1468 1170 1522 1174 —
1557 1144 1563 1200 Ι
1595 1159 1718 1186 occu-

289 1205 426 1257 pando
471 1204 565 1244 ideo
802 1205 975 1252 erimus,
1029 1204 1130 1255 quia
1180 1209 1300 1242 antea
1346 1201 1512 1257 nullilus
1559 1209 1716 1252 essent3

222 1274 273 1313 67
289 1262 426 1315 qualia
465 1267 562 1302 sunt
599 1262 732 1300 omnia
770 1272 877 1312 quae
917 1266 1028 1299 terra
1064 1261 1170 1298 marc?
1200 1260 1314 1298 caelo
1346 1262 1579 1311 capiuntur.
1641 1261 1719 1299 Ita-

289 1332 371 1372 que
403 1320 436 1358 si
463 1318 593 1370 feram
626 1318 802 1357 bestiam
833 1322 904 1356 aut
932 1316 1148 1356 uolucrem
1180 1322 1251 1355 aut
1277 1317 1445 1369 pissscem

522 1376 1611 1426 captum———l————eo
1649 1382 1772 1413 τις-20

380 1512 425 1544 ad
450 1511 470 1551 ἓ
489 1512 529 1542 67
562 1509 645 1542 inde
674 1509 719 1541 ab
752 1512 791 1541 20
818 1518 856 1541 eo
880 1508 973 1541 conf.
1000 1510 1063 1541 Gai
1094 1517 1150 1541 res
1175 1509 1297 1541 cottid.
1330 1509 1418 1550 (Dig.
1446 1511 1500 1551 lit,
1526 1512 1555 1550 ⁴,
1582 1511 1613 1549 8,
1639 1511 1658 1541 2
1685 1511 1720 1542 et

291 1560 308 1589 5
334 1566 385 1599 pr.
412 1570 454 1585 =
481 1558 562 1588 inst.
590 1559 621 1595 2,
648 1558 677 1597 ⁴,
704 1555 768 1593 42).

288 1631 1721 1644 mmvxmmvwvwmmmvwwmmw

382 1695 394 1723 4
427 1692 675 1732 ususreceptio
697 1689 728 1730 C,
755 1698 842 1730 quae
865 1690 989 1729 forma,
1016 1698 1059 1721 ne
1083 1693 1142 1721 aut
1167 1691 1219 1721 hic
1236 1693 1296 1721 aut
1311 1699 1402 1722 uers.
1419 1692 1441 1721 7
1466 1691 1720 1730 obscuraretur,

290 1747 398 1778 supra
423 1740 564 1769 seruata
581 1739 629 1767 est
658 1736 755 1775 (conf.
775 1736 811 1767 R.
831 1735 970 1773 Schoell,
993 1735 1090 1775 Leqis
1109 1735 1176 1766 XII
1191 1736 1257 1767 tab.
1276 1738 1336 1766 ret.
1354 1745 1433 1776 paq.
1454 1735 1545 1777 403);
1571 1739 1721 1768 ceterum

289 1783 375 1823 conf.
406 1782 447 1815 Ca
470 1791 548 1823 paq.
564 1781 663 1821 52511
682 1783 698 1811 3
725 1781 839 1812 soluta
867 1789 911 1812 ea:
934 1780 1064 1812 soluita
1089 1783 1280 1812 correctum
1308 1780 1348 1813 C1
1371 1781 1384 1820 ΙΙ
1409 1784 1427 1812 6
1455 1783 1646 1822 ususcapio
1669 1779 1721 1825 ΟΙΙ

289 1829 443 1871 populus
468 1838 511 1860 ex
535 1827 692 1869 pupulus
717 1829 906 1858 correctum
934 1825 972 1858 0¹
989 1826 1004 1866 ΙΙ
1019 1828 1045 1857 ι7
1072 1826 1266 1867 possiderit
1293 1825 1318 1858 C
1339 1826 1353 1866 ΙΙ
1375 1828 1621 1868 ususreceptio
1647 1828 1718 1867 (sic)

294 1874 319 1908 C
334 1874 349 1915 ΙΙ
369 1877 406 1905 40
423 1877 500 1913 post
517 1873 717 1914 appellatur
734 1874 770 1904 in
787 1872 982 1904 Csecuntur
997 1871 1038 1911 ἕξ
1048 1874 1190 1912 62-64,
1209 1880 1294 1912 quas
1315 1872 1352 1904 G.
1364 1872 1401 1903 Ε.
1412 1872 1594 1904 Heimbach
1608 1875 1720 1905 motus

290 1921 484 1961 argumenti
519 1927 653 1950 conexu
688 1920 724 1949 in
762 1917 842 1949 Inst.
875 1925 1004 1956 quoque
1039 1918 1217 1949 obseruata
1253 1921 1331 1948 ante
1367 1918 1385 1957 ξ
1417 1919 1461 1949 80
1497 1920 1719 1958 transposuit.

291 1967 478 1997 Mommsen
495 1965 577 1995 haec
593 1965 751 1995 adnotat:
772 1963 957 2001 »Displicet
973 1964 1193 2001 transpositio
1207 1963 1481 1994 Heimbachiana.
1503 1962 1640 1995 Gaiana
1652 1964 1721 1995 dis-

289 2013 410 2049 positio
424 2010 598 2042 commoda
610 2012 721 2050 mayis
733 2017 836 2048 quam
849 2010 1013 2039 accurata
1026 2008 1078 2039 hic
1092 2016 1129 2039 eo
1142 2009 1274 2047 nititur,
1291 2009 1378 2048 quod
1388 2010 1540 2047 primum
1552 2010 1669 2049 agitur
1681 2010 1721 2041 de

289 2065 408 2088 rerum
432 2057 645 2096 alienatione,
671 2055 715 2086 ad
739 2062 837 2093 quem
861 2055 1049 2085 tractatum
1072 2055 1238 2093 usucapio
1262 2062 1391 2093 quoque
1414 2055 1583 2094 redigitur
1605 2057 1719 2094 utpote

292 2104 400 2133 iustae
426 2102 641 2132 alienationis
666 2100 850 2140 legitimum
874 2099 1164 2138 supplementum,
1199 2100 1317 2130 deinde
1341 2101 1511 2131 transitur
1535 2100 1579 2131 ad
1602 2108 1721 2131 rerum

291 2149 550 2188 adquisitionem
567 2155 651 2186 eam,
676 2154 763 2185 quae
779 2154 847 2176 non
864 2145 905 2176 ab
923 2145 1127 2177 alienatione
1141 2146 1275 2185 pendet,
1302 2145 1413 2184 qualis
1431 2147 1480 2176 est
1497 2146 1672 2183 occupatio
1692 2146 1724 2175 et

291 2195 503 2234 specificatio,
538 2192 645 2223 Locus
666 2194 790 2228 autem,
810 2199 978 2229 quaenam
994 2199 1050 2222 res
1066 2193 1156 2222 recte
1174 2191 1366 2221 alienentur
1382 2199 1403 2221 a
1420 2198 1488 2221 non
1511 2190 1645 2221 domino
1667 2189 1725 2220 uel

292 2240 440 2271 alienari
453 2240 622 2277 nequeant
641 2245 661 2267 a
675 2238 820 2273 domino,
839 2239 956 2274 aperte
969 2237 1099 2274 prioris
1117 2238 1287 2267 tractatus
1305 2237 1479 2274 appendix
1497 2237 1557 2276 est,
1575 2243 1639 2274 quo
1651 2235 1724 2274 ipso

292 2287 362 2316 loco
378 2286 414 2316 in
435 2283 500 2315 Gai
516 2283 601 2315 libro
619 2282 751 2322 legitur.
787 2281 908 2312 Postea
925 2290 1001 2312 eum
1018 2282 1186 2312 adiectum
1203 2282 1315 2312 uideri
1333 2289 1353 2311 a
1373 2280 1458 2312 Gaio
1484 2283 1516 2312 et
1541 2280 1724 2319 aliquando

292 2331 310 2369 ξ
325 2333 364 2361 61
381 2333 411 2361 et
424 2329 443 2368 ἓ
456 2332 495 2360 65
510 2329 668 2360 continuo
680 2336 715 2358 se
728 2328 900 2365 excepisse
917 2335 1000 2357 sane
1014 2327 1188 2365 probabile
1202 2329 1282 2358 est.‹
1298 2324 1391 2366 Conf.
1406 2329 1519 2358 tamen
1534 2324 1724 2364 zeitschrift

292 2377 353 2407 der
371 2373 694 2413 Saviqny-Stistungy
709 2374 750 2402 22
765 2380 844 2411 paq.
861 2372 901 2402 ¹09
919 2370 930 2413 ΙΙ
948 2374 988 2402 42
1008 2372 1097 2403 iiure
1116 2369 1164 2404 C?
1178 2369 1190 2413 ΙΙ
1205 2373 1307 2402 16-4
1319 2373 1335 2401 7
1355 2371 1481 2404 etiam
1499 2378 1590 2411 quae
1607 2378 1724 2402 occu-

291 2420 428 2460 pando
446 2419 540 2451 ideo
558 2422 677 2450 nostra
693 2417 901 2457 fecerimus
922 2417 1100 2457 Boeclsiny,
1119 2417 1245 2449 etiam
1263 2425 1354 2457 quae
1372 2415 1613 2455 occupando
1629 2414 1724 2448 ideo

292 2465 593 2506 adquisierimus
620 2463 805 2501 Goeschen;
829 2466 990 2493 neutrum
1013 2464 1056 2493 acl
1080 2464 1202 2494 codicis
1231 2461 1256 2494 C
1271 2463 1435 2501 reliquias
1460 2464 1537 2500 apte
1565 2462 1724 2502 quadrat,

294 2514 391 2542 cuius
415 2513 535 2543 ductus
558 2510 602 2541 ad
619 2509 776 2541 etiamsi
795 2507 1035 2546 occupando
1059 2508 1152 2540 ideo
1174 2516 1241 2540 res
1259 2507 1560 2546 adquisierimus
1583 2508 1725 2545 propius

295 2558 453 2588 accedere
482 2557 655 2596 uidentur,
673 2555 760 2594 quod
778 2557 890 2585 tamen
911 2553 1086 2591 Gaianum„
1106 2563 1171 2585 non
1199 2557 1246 2584 est
1262 2551 1274 2595 fl
1293 2555 1333 2583 47
1353 2553 1436 2593 quia
1466 2552 1647 2591 Goeschen,
1665 2551 1726 2592 qui

299 2601 322 2632 C
347 2600 360 2642 ΙΙ
384 2605 423 2634 48
458 2601 548 2633 mari
577 2600 763 2640 Goeschen,
798 2598 959 2639 marique
987 2597 1012 2630 C
1034 2597 1047 2640 ΙΙ
1073 2601 1112 2629 49
1145 2596 1242 2630 sera?
1272 2598 1297 2630 C
1319 2596 1331 2640 ss
1356 2599 1486 2628 49—20
1522 2597 1566 2628 ad
1591 2599 1724 2628 senten-

296 2649 378 2678 tiam
412 2650 517 2685 νει-ιε,
552 2646 596 2677 ad
625 2646 746 2677 ductus
775 2653 843 2676 non
872 2646 963 2675 recte
986 2643 1083 2682 (cons.
1111 2643 1153 2676 Ca
1178 2647 1208 2675 et
1236 2643 1304 2683 Cas)
1340 2643 1509 2682 suppleuit
1537 2641 1723 2674 Goeschen:

295 2693 449 2731 piscem
482 2690 732 2731 ceperimus,
764 2688 940 2731 quidquid
971 2689 1020 2721 ita
1051 2691 1218 2728 captum
1242 2688 1377 2729 fuerit,
1403 2688 1524 2719 statim
1549 2684 1725 2730 nolstrum
