1872 3095
939 194 993 220 xil
1053 203 1166 210 —·—·

301 308 402 347 Cum
434 308 562 346 maior
593 306 815 345 difficultas
847 308 886 345 in
919 306 1015 344 Gaio
1047 304 1304 344 restituendo
1342 317 1467 356 quam
1505 317 1557 344 ex
1593 303 1756 344 mendis

188 363 450 403 librariorum
483 364 633 403 codicis
670 365 698 402 C
728 362 824 402 inde
856 364 1030 412 oriatur,
1076 362 1188 414 quod
1226 361 1377 400 multae
1409 362 1532 400 huius
1564 361 1659 400 libri
1690 373 1757 400 re-

188 422 329 472 scripti
363 422 537 472 paginae
569 426 639 459 aut
670 426 776 459 totae
800 425 870 458 aut
886 432 937 458 ex
959 424 1076 470 parte
1098 418 1220 458 hodie
1243 418 1324 470 legi
1344 423 1572 469 nequeunt,
1595 429 1757 456 summa

187 479 374 516 cautione
406 479 469 516 usi
502 489 646 516 sumus
685 479 725 515 in
765 477 827 515 his
868 476 1049 514 hiatibus
1086 475 1273 514 lectionis
1307 475 1552 513 Veronensis
1584 474 1758 525 explen-

188 533 323 585 dis¹³).
385 535 653 573 Deseruimus
685 535 809 584 igitur
838 545 918 571 non
950 544 1104 583 paucas
1142 532 1310 570 lacinias
1353 530 1574 582 desperata
1610 543 1758 570 conec-

186 590 300 629 tendi
332 591 526 629 facultate
558 602 604 629 ac
635 590 857 628 maluimus
881 591 1105 628 orationem
1128 589 1323 627 Gaianam
1345 587 1467 626 foede
1493 587 1608 626 hiare
1630 599 1755 640 quam

186 648 226 686 in
258 653 490 698 pertusum,
530 653 575 685 ut
606 659 699 685 cum
733 647 873 685 Plauto
906 645 1066 697 loquar,
1106 647 1296 696 ingerere
1329 644 1436 683 dicta
1468 643 1625 683 dolium
1657 657 1756 696 ope-
1785 682 1792 690 ,

186 716 359 755 ramque
391 704 537 742 ludere
570 709 694 755 atque
727 703 830 742 falsa
866 702 935 741 uel
965 704 1237 741 incertissima
1268 701 1477 740 contextui
1515 700 1754 740 obtrudere.

186 761 297 799 Hanc
333 761 622 800 abstinentiam
661 760 911 811 probaturos
952 771 1044 798 esse
1090 758 1322 810 philologos
1363 757 1632 807 confidimus;
1679 757 1756 797 sed

186 819 380 869 quoniam
411 818 663 856 inueterauit
692 822 739 855 ut
768 818 809 855 in
842 816 958 854 libris
990 815 1152 855 iuridici
1184 816 1417 866 argumenti
1437 813 1610 853 lacunae
1631 813 1755 865 paulo

184 874 458 913 confidentius
491 873 771 924 explerentur,
803 879 974 924 propter
1004 871 1330 922 iurisconsultos,
1373 872 1444 923 qui
1475 871 1638 910 Gaianis
1670 876 1757 910 stu-

186 931 263 969 diis
296 943 375 969 non
407 936 490 968 tam
521 936 692 981 propter
723 931 948 968 orationem
971 941 1138 981 operam
1162 928 1261 967 dare
1285 928 1419 967 solent
1439 939 1565 980 quam
1586 933 1757 979 propter

185 992 495 1039 argumentum,
542 988 583 1025 in
620 986 954 1025 adnotationibus
995 987 1210 1037 apparatui
1243 986 1380 1024 critico
1412 986 1576 1024 insertis
1609 984 1755 1024 saltem

186 1056 234 1083 ea
266 1056 373 1096 quae
404 1045 444 1082 in
476 1043 627 1082 codicis
663 1044 691 1081 C
720 1043 901 1082 hiatibus
942 1042 1038 1081 olim
1076 1043 1249 1081 infuisse
1292 1054 1386 1081 cum
1426 1041 1566 1093 aliqua
1602 1041 1756 1093 proba-

183 1100 342 1139 bilitate
376 1100 641 1150 uiderentur,
681 1099 977 1150 indicauimus,
1019 1099 1116 1138 alibi
1154 1104 1284 1137 artem
1314 1098 1526 1138 nesciendi
1559 1111 1758 1138 exercen-

184 1157 279 1196 dam
303 1169 395 1196 esse
414 1158 623 1208 expressis
646 1156 790 1196 uerbis
812 1158 1059 1195 monuimus.
1112 1156 1190 1195 Vbi
1211 1157 1518 1194 enuntiatorum
1539 1156 1580 1194 in
1603 1155 1755 1195 codicis

188 1215 217 1253 C
246 1214 419 1253 lectione
451 1214 650 1252 hiantium
681 1213 804 1265 plura
835 1213 968 1252 uerba
999 1212 1069 1252 uel
1109 1218 1309 1251 commata
1341 1212 1429 1251 fere
1461 1213 1623 1264 integra
1652 1213 1694 1251 in
1728 1214 1757 1251 C

184 1268 485 1322 supersunt¹⁴),
524 1275 569 1308 ut
608 1274 828 1321 appareret
867 1282 949 1321 quo
981 1270 1069 1309 fere
1101 1270 1400 1308 sententiarum
1431 1281 1593 1307 conexu
1623 1269 1756 1308 uerba

182 1328 252 1366 uel
285 1332 485 1365 commata
516 1339 623 1378 quae
656 1326 737 1378 legi
766 1332 943 1377 possunt
972 1326 1069 1364 olim
1101 1327 1318 1364 coniuncta
1345 1330 1496 1375 essent,
1530 1325 1756 1376 supplendi

182 1384 416 1435 periculum
461 1384 502 1421 in
547 1382 882 1422 adnotationibus
926 1384 981 1421 ita
1021 1383 1218 1433 fecimus,
1259 1387 1307 1421 ut
1347 1387 1520 1433 excepto
1562 1394 1644 1421 uno
1685 1389 1757 1422 aut

182 1453 391 1480 summum
423 1439 551 1478 altero
582 1439 671 1478 loco
703 1440 791 1478 fere
822 1451 1031 1491 nusquam
1062 1441 1199 1490 ipsum
1223 1439 1400 1478 Gaianae
1433 1439 1627 1478 orationis
1659 1451 1756 1479 con-

180 1502 340 1536 textum
371 1501 664 1547 recuperatum
696 1508 788 1535 esse
818 1508 1067 1548 persuasum
1108 1493 1432 1548 haberemus15).
1492 1496 1605 1535 Hanc
1633 1495 1755 1549 longe

274 1608 327 1649 43)
353 1609 392 1640 In
424 1609 512 1641 locis
545 1609 724 1640 lacunosis
757 1616 930 1640 uersuum
961 1607 1099 1640 codicis
1132 1606 1158 1639 C
1186 1606 1342 1639 confinia
1372 1606 1657 1647 significauimus
1687 1608 1755 1640 hac

183 1655 316 1686 lineola

275 1652 579 1740 itqiplerumque,
604 1701 643 1730 ut
661 1698 852 1730 commodo
871 1707 996 1730 eorum
1015 1698 1307 1740 prospiceremus
1325 1706 1367 1730 ac
1385 1697 1669 1740 consuleremus,
1692 1699 1755 1739 qui

182 1745 343 1777 adhibito
369 1745 503 1777 codicis
522 1745 738 1776 Veronensis
762 1744 967 1786 apographo
990 1744 1225 1775 examinaturi
1251 1745 1381 1784 essent,
1407 1746 1585 1784 quatenus
1610 1743 1755 1786 supple-

182 1793 342 1823 mentum
372 1791 580 1822 coniectura
611 1789 746 1821 factum
772 1799 855 1822 cum
881 1788 1052 1821 ductibus
1079 1789 1299 1830 litterarum,
1333 1789 1394 1830 qui
1420 1789 1456 1820 in
1486 1788 1512 1821 C
1536 1789 1666 1830 dispici
1692 1798 1755 1831 po·

182 1838 338 1875 tuerunt,
373 1839 596 1877 congrueret,
628 1835 904 1868 crassioribus
933 1836 1029 1876 typis
1054 1834 1314 1866 describendas
1339 1834 1548 1866 curauimus
1574 1843 1634 1866 eas
1661 1835 1755 1866 litte·

183 1891 256 1923 ras,
290 1890 382 1921 quae
416 1882 452 1913 in
486 1882 562 1922 ipso
594 1880 619 1914 C
642 1881 757 1913 lectae
791 1884 892 1919 sunt;
930 1881 1057 1912 contra
1088 1879 1150 1912 ubi
1184 1889 1204 1912 a
1229 1880 1433 1911 litterarum
1462 1879 1633 1911 ductibus
1659 1888 1702 1912 ex
1730 1879 1756 1912 C

183 1928 335 1959 enotatis
361 1926 604 1958 recedendum
631 1929 716 1967 erat,
748 1927 922 1958 inclinatis
947 1926 1073 1957 litteris
1098 1926 1155 1957 usi
1180 1933 1321 1957 sumus:
1354 1924 1466 1957 ueluti
1491 1925 1588 1966 quod
1615 1925 1646 1957 11
1671 1925 1692 1965 ξ
1711 1926 1753 1956 44

183 1973 218 2004 in
237 1975 429 2015 apparatus
448 1972 565 2004 critici
583 1973 735 2013 paginae
760 1973 866 2003 huius
892 1971 1061 2003 editionis
1079 1972 1157 2002 47³0
1175 1970 1330 2002 subiecti
1354 1979 1466 2002 uersu
1483 1972 1524 2002 ⁴4
1545 1979 1753 2009 expressum

183 2020 235 2049 est
254 2017 446 2049 »tollendi
464 2017 571 2049 aedes
590 2021 624 2049 et
641 2017 816 2049 officiendi
831 2017 1097 2058 luminibus«,
1124 2016 1160 2048 id
1181 2015 1361 2056 significat
1386 2016 1524 2048 litteras
1540 2015 1700 2048 tollend
1720 2019 1756 2048 et

183 2063 319 2095 litteras
336 2063 570 2095 luminibus
588 2064 622 2094 in
649 2063 775 2095 codice
792 2062 991 2094 Veronensi
1018 2062 1130 2094 lectas
1155 2070 1246 2104 esse,
1271 2070 1336 2103 pro
1360 2061 1489 2093 litteris
1506 2063 1583 2093 endi
1599 2061 1753 2094 aliarum

183 2108 383 2140 litterarum
409 2108 559 2140 umbras
592 2109 627 2139 in
657 2108 682 2140 C
705 2108 821 2140 uideri
847 2108 1076 2150 apparuisse,
1109 2107 1247 2139 litteras
1272 2107 1429 2148 denique
1457 2106 1751 2139 ›iaedesetosfici‹

183 2153 367 2195 suppletas
392 2162 471 2185 esse
497 2155 532 2185 in
556 2154 637 2185 loco
663 2153 875 2195 desperatae
902 2154 937 2185 in
965 2153 990 2186 C
1014 2153 1189 2185 lectionis.
1230 2153 1396 2184 Ceterum
1422 2161 1494 2184 non
1520 2153 1556 2184 in
1583 2152 1753 2184 omnibus

182 2200 442 2241 supplementis
468 2199 556 2231 haec
581 2201 749 2240 typorum
775 2199 985 2231 discrimina
1010 2198 1172 2231 curanda
1197 2198 1379 2230 duximus.

274 2245 327 2285 45)
351 2244 689 2286 supplementorum
708 2244 861 2276 formam
879 2244 1072 2285 genuinam
1091 2244 1120 2275 si
1146 2245 1227 2284 quis
1245 2243 1321 2276 sola
1341 2244 1548 2275 coniectura
1565 2243 1754 2274 restituere

184 2299 221 2322 se
246 2298 351 2331 posse
377 2290 550 2331 confidat,
583 2298 691 2331 quam
717 2299 811 2322 uana
837 2291 867 2322 is
892 2292 1026 2331 captet,
1059 2289 1191 2321 docent
1214 2289 1385 2331 permulti
1410 2289 1461 2320 illi
1486 2290 1652 2329 conatus,
1679 2290 1752 2329 qui,

182 2337 376 2376 antequam
404 2336 517 2367 codex
540 2335 759 2367 Veronensis
784 2335 903 2367 denuo
929 2337 1169 2375 excuteretur,
1196 2334 1240 2366 ad
1268 2334 1486 2366 schedarum
1512 2333 1753 2365 Goeschenia-

184 2389 311 2412 narum
339 2381 396 2413 uel
422 2381 716 2412 Bluhmianarum
746 2380 854 2413 fidem
881 2390 900 2412 a
926 2382 1016 2412 uiris
1041 2380 1158 2412 doctis
1184 2379 1266 2412 facti
1292 2381 1393 2412 sunt:
1426 2380 1558 2420 quippe
1584 2379 1645 2420 qui
1672 2386 1752 2410 raro

184 2427 260 2466 ipsa
287 2435 327 2457 ea
355 2426 466 2458 uerba
492 2426 729 2458 coniectando
755 2427 990 2468 reppererint,
1024 2434 1116 2466 quae
1141 2429 1266 2467 postea
1291 2434 1311 2457 a
1337 2433 1393 2456 me
1418 2425 1453 2456 in
1479 2423 1606 2455 codice
1634 2423 1660 2456 C
1683 2423 1752 2464 legi

184 2473 386 2511 potuerunt.
436 2472 558 2513 Itaque
592 2480 674 2504 cum
709 2471 852 2504 facilius
886 2472 1118 2503 inueniantur
1152 2479 1260 2512 quam
1290 2470 1466 2511 eligantur
1489 2469 1752 2511 supplementa,

185 2515 247 2546 ubi
282 2517 315 2547 in
350 2517 437 2547 locis
468 2518 665 2558 lacunosis,
699 2517 743 2548 de
776 2526 931 2558 quorum
962 2518 1138 2549 sententia
1164 2516 1261 2548 nulla
1287 2518 1380 2548 esset
1404 2514 1597 2556 dubitatio,
1630 2514 1752 2556 plures

184 2561 374 2602 supplendi
394 2564 472 2593 uiae
491 2563 672 2604 patebant,
691 2572 798 2594 unam
817 2563 947 2603 eligere
966 2562 1092 2594 malui:
1119 2562 1231 2593 multa
1249 2561 1383 2593 adferri
1408 2562 1560 2601 possunt
1577 2560 1751 2601 exempla,

184 2608 245 2637 sed
281 2608 337 2638 uel
372 2616 482 2638 unum
516 2617 558 2639 ex
591 2609 642 2640 eis
675 2607 864 2649 quodlibet
887 2607 1055 2640 sufficiet:
1091 2609 1210 2648 itaque
1235 2607 1249 2638 1
1273 2607 1293 2646 ἓ
1315 2608 1379 2637 422
1406 2614 1478 2637 non
1510 2606 1649 2637 minore
1675 2606 1752 2638 iure

184 2660 291 2691 quam
327 2652 376 2692 id,
411 2653 507 2692 quod
541 2662 570 2685 e.
597 2663 626 2692 g.
659 2654 779 2695 posui,
813 2654 902 2686 haec
936 2653 1185 2694 supplementa
1220 2652 1372 2694 proponi
1406 2651 1590 2693 poterant:
1627 2651 1686 2682 sed
1716 2652 1752 2682 in

184 2698 346 2737 pondere;
375 2707 455 2728 nam
480 2699 557 2729 olim
583 2698 651 2738 (uel
677 2708 758 2730 nam
781 2699 862 2738 lum)
889 2702 919 2731 el
944 2698 1050 2741 aslses
1075 2699 1212 2730 librales
1237 2700 1336 2729 erant
1359 2699 1390 2729 et
1414 2697 1580 2736 dupundii
1605 2696 1751 2737 bilibres,
